<collection xmlns="http://www.loc.gov/MARC21/slim">
<record>
  <leader>03260cam a22003738i 4500</leader>
  <controlfield tag="001">21078887</controlfield>
  <controlfield tag="005">20200102103304.0</controlfield>
  <controlfield tag="008">190715s2019    ncu      b    001 0 eng  </controlfield>
  <datafield tag="906" ind1=" " ind2=" ">
    <subfield code="a">0</subfield>
    <subfield code="b">vip</subfield>
    <subfield code="c">orignew</subfield>
    <subfield code="d">1</subfield>
    <subfield code="e">ecip</subfield>
    <subfield code="f">20</subfield>
    <subfield code="g">y-gencatlg</subfield>
  </datafield>
  <datafield tag="925" ind1="0" ind2=" ">
    <subfield code="a">acquire</subfield>
    <subfield code="b">1 shelf copy</subfield>
    <subfield code="x">policy default</subfield>
  </datafield>
  <datafield tag="955" ind1=" " ind2=" ">
    <subfield code="b">xk16 2019-07-15</subfield>
    <subfield code="i">xk16 2019-07-15 to Policy</subfield>
    <subfield code="a">xk16 2019-07-23 Policy consulted; work revised and resubmitted to Policy</subfield>
    <subfield code="a">xn11 2019-09-24 1 copy rec&apos;d., to CIP ver.</subfield>
    <subfield code="a">rk20 2019-10-02 book received in ART</subfield>
  </datafield>
  <datafield tag="010" ind1=" " ind2=" ">
    <subfield code="a">  2019029881</subfield>
  </datafield>
  <datafield tag="020" ind1=" " ind2=" ">
    <subfield code="a">9781476677538</subfield>
    <subfield code="q">(paperback)</subfield>
  </datafield>
  <datafield tag="020" ind1=" " ind2=" ">
    <subfield code="z">9781476637983</subfield>
    <subfield code="q">(ebook)</subfield>
  </datafield>
  <datafield tag="040" ind1=" " ind2=" ">
    <subfield code="a">DLC</subfield>
    <subfield code="b">eng</subfield>
    <subfield code="c">DLC</subfield>
    <subfield code="e">rda</subfield>
  </datafield>
  <datafield tag="042" ind1=" " ind2=" ">
    <subfield code="a">pcc</subfield>
  </datafield>
  <datafield tag="050" ind1="0" ind2="0">
    <subfield code="a">NX650.R38</subfield>
    <subfield code="b">H85 2019</subfield>
  </datafield>
  <datafield tag="100" ind1="1" ind2=" ">
    <subfield code="a">Humann, Heather Duerre,</subfield>
    <subfield code="d">1974-</subfield>
    <subfield code="e">author.</subfield>
  </datafield>
  <datafield tag="245" ind1="1" ind2="0">
    <subfield code="a">Reality simulation in science fiction, film and television /</subfield>
    <subfield code="c">Heather Duerre Humann.</subfield>
  </datafield>
  <datafield tag="263" ind1=" " ind2=" ">
    <subfield code="a">1111</subfield>
  </datafield>
  <datafield tag="264" ind1=" " ind2="1">
    <subfield code="a">Jefferson :</subfield>
    <subfield code="b">McFarland &amp; Company, Inc., Publishers,</subfield>
    <subfield code="c">2019.</subfield>
  </datafield>
  <datafield tag="300" ind1=" " ind2=" ">
    <subfield code="a">pages cm</subfield>
  </datafield>
  <datafield tag="336" ind1=" " ind2=" ">
    <subfield code="a">text</subfield>
    <subfield code="b">txt</subfield>
    <subfield code="2">rdacontent</subfield>
  </datafield>
  <datafield tag="337" ind1=" " ind2=" ">
    <subfield code="a">unmediated</subfield>
    <subfield code="b">n</subfield>
    <subfield code="2">rdamedia</subfield>
  </datafield>
  <datafield tag="338" ind1=" " ind2=" ">
    <subfield code="a">volume</subfield>
    <subfield code="b">nc</subfield>
    <subfield code="2">rdacarrier</subfield>
  </datafield>
  <datafield tag="504" ind1=" " ind2=" ">
    <subfield code="a">Includes bibliographical references and index.</subfield>
  </datafield>
  <datafield tag="505" ind1="0" ind2=" ">
    <subfield code="a">Section 1. Simulated worlds in science fiction literature -- Whose reality counts? subjectivity in Simulacron-3 and The plagiarist -- Shifting reality in Amnesia moon and Chronic city -- Playing in the virtual World: Ready player one -- Reconstructing reality in Tomorrow and tomorrow -- &quot;Welcome to your authentic Indian experience&quot;: authenticity in the virtual realm? -- Section 2. Simulated realities in film -- Simulation (in) theory: Josef Rusnak&apos;s The thirteenth floor -- Simulated dreamscapes in Christopher Noland&apos;s Inception -- Mixed reality in Zac Snyder&apos;s Sucker punch -- Representation and reality in Charlie Brooker&apos;s Black mirror: bandersnach -- Section 3. Reality simulation in television -- Consciousness and constructed realities in Altered carbon and West world -- Reality simulation revisited in Black mirror -- Manic mind trips in Maniac -- Virtual reality in Reverie -- Conclusion: Slipping into the virtual.</subfield>
  </datafield>
  <datafield tag="520" ind1=" " ind2=" ">
    <subfield code="a">&quot;&quot;In recent decades, science fiction in both print and visual media has produced an outpouring of story lines that feature forms of simulated reality. These depictions appear with such frequency that fictional portrayals of simulated worlds have become a popular sci-fi trope-one that prompts timeless questions about the nature of reality while also tapping into contemporary debates about emerging technologies. In combination with tech-driven tensions, this study shows that our collective sense of living in politically uncertain times also propels the popularity of these story lines. Because of the kinds of questions they raise and the cultural anxieties they provoke, these fictional representations provide a window into contemporary culture and demonstrate how we are reassessing our own reality.&quot;-Provided by publisher&quot;--</subfield>
    <subfield code="c">Provided by publisher.</subfield>
  </datafield>
  <datafield tag="650" ind1=" " ind2="0">
    <subfield code="a">Reality in literature.</subfield>
  </datafield>
  <datafield tag="650" ind1=" " ind2="0">
    <subfield code="a">Reality in motion pictures.</subfield>
  </datafield>
  <datafield tag="650" ind1=" " ind2="0">
    <subfield code="a">Reality on television.</subfield>
  </datafield>
  <datafield tag="650" ind1=" " ind2="0">
    <subfield code="a">Science fiction, American</subfield>
    <subfield code="x">History and criticism.</subfield>
  </datafield>
  <datafield tag="650" ind1=" " ind2="0">
    <subfield code="a">Science fiction films</subfield>
    <subfield code="x">History and criticism.</subfield>
  </datafield>
  <datafield tag="650" ind1=" " ind2="0">
    <subfield code="a">Science fiction television programs</subfield>
    <subfield code="x">History and criticism.</subfield>
  </datafield>
</record>