
<record>
  <leader>01919cam a2200277 i 4500</leader>
  <controlfield tag="001">21079428</controlfield>
  <controlfield tag="005">20200102135758.0</controlfield>
  <controlfield tag="008">190715s2019    cou           000 1 eng  </controlfield>
  <datafield tag="906" ind1=" " ind2=" ">
    <subfield code="a">7</subfield>
    <subfield code="b">cbc</subfield>
    <subfield code="c">orignew</subfield>
    <subfield code="d">2</subfield>
    <subfield code="e">epcn</subfield>
    <subfield code="f">20</subfield>
    <subfield code="g">y-gencatlg</subfield>
  </datafield>
  <datafield tag="925" ind1="0" ind2=" ">
    <subfield code="a">acquire</subfield>
    <subfield code="b">1 shelf copy</subfield>
    <subfield code="x">policy default</subfield>
  </datafield>
  <datafield tag="955" ind1=" " ind2=" ">
    <subfield code="b">xd04 2019-07-15</subfield>
    <subfield code="a">xn11 2020-01-02 1 copy rec&apos;d., to USPRLL</subfield>
    <subfield code="i">xk04 2020-01-02 to BCCD</subfield>
  </datafield>
  <datafield tag="010" ind1=" " ind2=" ">
    <subfield code="a">  2019946083</subfield>
  </datafield>
  <datafield tag="020" ind1=" " ind2=" ">
    <subfield code="a">9780998507385</subfield>
    <subfield code="q">(paperback)</subfield>
  </datafield>
  <datafield tag="040" ind1=" " ind2=" ">
    <subfield code="a">DLC</subfield>
    <subfield code="b">eng</subfield>
    <subfield code="e">rda</subfield>
    <subfield code="c">DLC</subfield>
    <subfield code="d">DLC</subfield>
  </datafield>
  <datafield tag="042" ind1=" " ind2=" ">
    <subfield code="a">pcc</subfield>
  </datafield>
  <datafield tag="050" ind1="0" ind2="0">
    <subfield code="a">PS3618.O86314</subfield>
    <subfield code="b">N65 2019</subfield>
  </datafield>
  <datafield tag="082" ind1="0" ind2="0">
    <subfield code="a">813/.6</subfield>
    <subfield code="2">23</subfield>
  </datafield>
  <datafield tag="100" ind1="1" ind2=" ">
    <subfield code="a">Roth, Richard</subfield>
    <subfield code="q">(Richard Lee),</subfield>
    <subfield code="e">author.</subfield>
  </datafield>
  <datafield tag="245" ind1="1" ind2="0">
    <subfield code="a">NoLab :</subfield>
    <subfield code="b">a novel /</subfield>
    <subfield code="c">Richard Roth.</subfield>
  </datafield>
  <datafield tag="250" ind1=" " ind2=" ">
    <subfield code="a">First edition.</subfield>
  </datafield>
  <datafield tag="264" ind1=" " ind2="1">
    <subfield code="a">Boulder, Colorado :</subfield>
    <subfield code="b">Owl Canyon Press,</subfield>
    <subfield code="c">2019.</subfield>
  </datafield>
  <datafield tag="300" ind1=" " ind2=" ">
    <subfield code="a">227 pages ;</subfield>
    <subfield code="c">23 cm</subfield>
  </datafield>
  <datafield tag="336" ind1=" " ind2=" ">
    <subfield code="a">text</subfield>
    <subfield code="b">txt</subfield>
    <subfield code="2">rdacontent</subfield>
  </datafield>
  <datafield tag="337" ind1=" " ind2=" ">
    <subfield code="a">unmediated</subfield>
    <subfield code="b">n</subfield>
    <subfield code="2">rdamedia</subfield>
  </datafield>
  <datafield tag="338" ind1=" " ind2=" ">
    <subfield code="a">volume</subfield>
    <subfield code="b">nc</subfield>
    <subfield code="2">rdacarrier</subfield>
  </datafield>
  <datafield tag="520" ind1=" " ind2=" ">
    <subfield code="a">&quot;NoLab is a novel with a comic bent; it&apos;s a crime story, a buddy &quot;flick,&quot; an art world commentary, a love story. NoLab might be what happens when Lethal Weapon is crossed with My Dinner with Andre. Artists Ray Lawson and Victor Florian search for NoLab, a collaborative of artist provocateurs that has gone missing. Their search becomes a romp through the art and ideas of a progressive, conceptually oriented subculture of the art world. They investigate Carter Wilkinson, creator of The Institute (a shadowy, futuristic cultural institution with an unusual collection). Though seemingly inept as detectives, Ray and Victor eventually succeed in finding the members of NoLab. Murder intervenes. Ray, Victor, and NoLab are harassed and threatened by various individuals attempting to dissuade NoLab from implementing its ill-advised plan. From the presumed safety of home, Ray and his newly acquired family watch the gory ramifications of NoLab&apos;s self-destructive act unfold in the media&quot;--</subfield>
    <subfield code="c">Provided by publisher.</subfield>
  </datafield>
</record>