
<record>
  <leader>02223cam a22002895i 4500</leader>
  <controlfield tag="001">21085643</controlfield>
  <controlfield tag="005">20200102112812.0</controlfield>
  <controlfield tag="008">190716s2019    dcu           000 0 eng  </controlfield>
  <datafield tag="906" ind1=" " ind2=" ">
    <subfield code="a">0</subfield>
    <subfield code="b">ibc</subfield>
    <subfield code="c">orignew</subfield>
    <subfield code="d">2</subfield>
    <subfield code="e">epcn</subfield>
    <subfield code="f">20</subfield>
    <subfield code="g">y-gencatlg</subfield>
  </datafield>
  <datafield tag="925" ind1="0" ind2=" ">
    <subfield code="a">acquire</subfield>
    <subfield code="b">1 shelf copy</subfield>
    <subfield code="x">policy default</subfield>
  </datafield>
  <datafield tag="955" ind1=" " ind2=" ">
    <subfield code="b">xd12 2019-07-16</subfield>
    <subfield code="a">xn11 2020-01-02 1 copy rec&apos;d., to USASH</subfield>
  </datafield>
  <datafield tag="010" ind1=" " ind2=" ">
    <subfield code="a">  2019946175</subfield>
  </datafield>
  <datafield tag="020" ind1=" " ind2=" ">
    <subfield code="a">9781643680088</subfield>
    <subfield code="q">(hardcover)</subfield>
  </datafield>
  <datafield tag="020" ind1=" " ind2=" ">
    <subfield code="z">9781643680095</subfield>
    <subfield code="q">(pdf)</subfield>
  </datafield>
  <datafield tag="040" ind1=" " ind2=" ">
    <subfield code="a">DLC</subfield>
    <subfield code="b">eng</subfield>
    <subfield code="e">rda</subfield>
    <subfield code="c">DLC</subfield>
  </datafield>
  <datafield tag="042" ind1=" " ind2=" ">
    <subfield code="a">pcc</subfield>
  </datafield>
  <datafield tag="245" ind1="0" ind2="0">
    <subfield code="a">Advances in manufacturing technology xxxiii :</subfield>
    <subfield code="b">proceedings of the 17th International Conference on manufacturing research, incorporating the 34th National Conference on manufacturing research, 10-12 September, Queen&apos;s University, Belfast /</subfield>
    <subfield code="c">Yan Jin, Mark Price.</subfield>
  </datafield>
  <datafield tag="263" ind1=" " ind2=" ">
    <subfield code="a">1909</subfield>
  </datafield>
  <datafield tag="264" ind1=" " ind2="1">
    <subfield code="a">Washington :</subfield>
    <subfield code="b">IOS Press,</subfield>
    <subfield code="c">2019.</subfield>
  </datafield>
  <datafield tag="300" ind1=" " ind2=" ">
    <subfield code="a">pages cm</subfield>
  </datafield>
  <datafield tag="336" ind1=" " ind2=" ">
    <subfield code="a">text</subfield>
    <subfield code="b">txt</subfield>
    <subfield code="2">rdacontent</subfield>
  </datafield>
  <datafield tag="337" ind1=" " ind2=" ">
    <subfield code="a">unmediated</subfield>
    <subfield code="b">n</subfield>
    <subfield code="2">rdamedia</subfield>
  </datafield>
  <datafield tag="338" ind1=" " ind2=" ">
    <subfield code="a">volume</subfield>
    <subfield code="b">nc</subfield>
    <subfield code="2">rdacarrier</subfield>
  </datafield>
  <datafield tag="490" ind1="0" ind2=" ">
    <subfield code="a">Advances in transdisciplinary engineering,</subfield>
    <subfield code="x">2352751X ;</subfield>
    <subfield code="v">9</subfield>
  </datafield>
  <datafield tag="520" ind1=" " ind2=" ">
    <subfield code="a">&quot;The development and managing of technologies and operations is key to the success of all types of manufacturing business. This book presents the proceedings of the 17th International Conference on Manufacturing Research (ICMR 2019), held in Belfast, UK, from 10 - 12 September 2019. ICMR has been the UK&apos;s main manufacturing research conference for 34 years and an international conference since 2003. It brings together researchers, academics and industrialists to share their vision, knowledge and experience and discuss emerging trends and new challenges in manufacturing research. The conference theme of ICMR2019 was smart manufacturing, and the book includes the 84 papers presented at the conference (representing an acceptance rate of 69%). These have been divided into 13 parts, which cover topics ranging from robot automation and machine processes, to design and innovation management and product optimization. Providing an overview of current trends and developments, the book will be of interest to all those whose work involves manufacturing processes&quot;--</subfield>
    <subfield code="c">Provided by publisher.</subfield>
  </datafield>
  <datafield tag="700" ind1="1" ind2=" ">
    <subfield code="a">Jin, Yan,</subfield>
    <subfield code="e">editor.</subfield>
  </datafield>
  <datafield tag="700" ind1="1" ind2=" ">
    <subfield code="a">Price, Mark,</subfield>
    <subfield code="e">editor.</subfield>
  </datafield>
</record>