
<record>
  <leader>02159cam a22002775i 4500</leader>
  <controlfield tag="001">21090055</controlfield>
  <controlfield tag="005">20200102110215.0</controlfield>
  <controlfield tag="008">190717s2019    nyu           000 0 eng  </controlfield>
  <datafield tag="906" ind1=" " ind2=" ">
    <subfield code="a">0</subfield>
    <subfield code="b">ibc</subfield>
    <subfield code="c">orignew</subfield>
    <subfield code="d">2</subfield>
    <subfield code="e">epcn</subfield>
    <subfield code="f">20</subfield>
    <subfield code="g">y-gencatlg</subfield>
  </datafield>
  <datafield tag="925" ind1="0" ind2=" ">
    <subfield code="a">acquire</subfield>
    <subfield code="b">1 shelf copy</subfield>
    <subfield code="x">policy default</subfield>
  </datafield>
  <datafield tag="955" ind1=" " ind2=" ">
    <subfield code="b">xd14 2019-07-17</subfield>
    <subfield code="a">xn11 2020-01-02 1 copy rec&apos;d., to USASH</subfield>
  </datafield>
  <datafield tag="010" ind1=" " ind2=" ">
    <subfield code="a">  2019946347</subfield>
  </datafield>
  <datafield tag="020" ind1=" " ind2=" ">
    <subfield code="a">9781523502974</subfield>
    <subfield code="q">(paperback)</subfield>
  </datafield>
  <datafield tag="020" ind1=" " ind2=" ">
    <subfield code="z">9781523502974</subfield>
    <subfield code="q">(ebook)</subfield>
  </datafield>
  <datafield tag="040" ind1=" " ind2=" ">
    <subfield code="a">DLC</subfield>
    <subfield code="b">eng</subfield>
    <subfield code="e">rda</subfield>
    <subfield code="c">DLC</subfield>
  </datafield>
  <datafield tag="042" ind1=" " ind2=" ">
    <subfield code="a">pcc</subfield>
  </datafield>
  <datafield tag="100" ind1="1" ind2=" ">
    <subfield code="a">Raphael, June Diane,</subfield>
    <subfield code="e">author.</subfield>
  </datafield>
  <datafield tag="245" ind1="1" ind2="0">
    <subfield code="a">Represent :</subfield>
    <subfield code="b">the woman&apos;s guide to running for office and changing the world /</subfield>
    <subfield code="c">June Diane Raphael, Kate Black.</subfield>
  </datafield>
  <datafield tag="263" ind1=" " ind2=" ">
    <subfield code="a">1909</subfield>
  </datafield>
  <datafield tag="264" ind1=" " ind2="1">
    <subfield code="a">New York :</subfield>
    <subfield code="b">Workman Publishing Co.,</subfield>
    <subfield code="c">2019.</subfield>
  </datafield>
  <datafield tag="300" ind1=" " ind2=" ">
    <subfield code="a">pages cm</subfield>
  </datafield>
  <datafield tag="336" ind1=" " ind2=" ">
    <subfield code="a">text</subfield>
    <subfield code="b">txt</subfield>
    <subfield code="2">rdacontent</subfield>
  </datafield>
  <datafield tag="337" ind1=" " ind2=" ">
    <subfield code="a">unmediated</subfield>
    <subfield code="b">n</subfield>
    <subfield code="2">rdamedia</subfield>
  </datafield>
  <datafield tag="338" ind1=" " ind2=" ">
    <subfield code="a">volume</subfield>
    <subfield code="b">nc</subfield>
    <subfield code="2">rdacarrier</subfield>
  </datafield>
  <datafield tag="520" ind1=" " ind2=" ">
    <subfield code="a">&quot;&quot;Over the last few years we&apos;ve seen a remarkable surge of women running for office, and even better, winning. Running takes courage, passion, and commitment, but it also takes books like this. June and Kate have created a wonderful resource for women as they think about taking the leap.&quot;-Hillary Rodham Clinton Turn &quot;can I do this?&quot; into &quot;yes, I can!&quot; Join the growing wave of women leaders with Represent, an energetic, interactive, and inspiring step-by-step guide showing how to run for the approximately 500,000 elected offices in the US. Written with humor and honesty by writer, comedian, actress, and activist June Diane Raphael and Kate Black, former chief of staff at EMILY&apos;s list, Represent is structured around a 21-point document called &quot;I&apos;m Running for Office: The Checklist.&quot; Doubling as a workbook, Represent covers it all, from the nuts and bolts of where to run, fundraising, and filing deadlines, to issues like balancing family and campaigning, managing social media and how running for office can work in your real life. With infographics, profiles of women politicians, and wisdom and advice from women in office, this is a must-own for any woman thinking of joining the pink wave&quot;--</subfield>
    <subfield code="c">Provided by publisher.</subfield>
  </datafield>
  <datafield tag="700" ind1="1" ind2=" ">
    <subfield code="a">Black, Kate,</subfield>
    <subfield code="e">author.</subfield>
  </datafield>
</record>