
<record>
  <leader>02258cas a2200517 i 4500</leader>
  <controlfield tag="001">21096690</controlfield>
  <controlfield tag="005">20200102075654.0</controlfield>
  <controlfield tag="006">m     o  d        </controlfield>
  <controlfield tag="007">cr cnu||||||||</controlfield>
  <controlfield tag="008">190722c20189999vaugr   o    s0    0eng  </controlfield>
  <datafield tag="010" ind1=" " ind2=" ">
    <subfield code="a">  2019210662</subfield>
  </datafield>
  <datafield tag="035" ind1=" " ind2=" ">
    <subfield code="a">(OCoLC)on1109846594</subfield>
  </datafield>
  <datafield tag="040" ind1=" " ind2=" ">
    <subfield code="a">DLC</subfield>
    <subfield code="b">eng</subfield>
    <subfield code="e">rda</subfield>
    <subfield code="e">pn</subfield>
    <subfield code="c">DLC</subfield>
    <subfield code="d">DLC</subfield>
    <subfield code="d">OCLCF</subfield>
    <subfield code="d">DLC</subfield>
  </datafield>
  <datafield tag="042" ind1=" " ind2=" ">
    <subfield code="a">pcc</subfield>
  </datafield>
  <datafield tag="043" ind1=" " ind2=" ">
    <subfield code="a">n-us-va</subfield>
  </datafield>
  <datafield tag="050" ind1="0" ind2="0">
    <subfield code="a">HE213.V8</subfield>
  </datafield>
  <datafield tag="110" ind1="1" ind2=" ">
    <subfield code="a">Virginia.</subfield>
    <subfield code="b">Department of Transportation,</subfield>
    <subfield code="e">creator.</subfield>
  </datafield>
  <datafield tag="245" ind1="1" ind2="0">
    <subfield code="a">Biennial report.</subfield>
  </datafield>
  <datafield tag="246" ind1="1" ind2="3">
    <subfield code="a">VDOT biennial report</subfield>
  </datafield>
  <datafield tag="264" ind1=" " ind2="1">
    <subfield code="a">Richmond, Virginia:</subfield>
    <subfield code="b">Department of Transportation,</subfield>
    <subfield code="c">2018-</subfield>
  </datafield>
  <datafield tag="300" ind1=" " ind2=" ">
    <subfield code="a">1 online resource</subfield>
  </datafield>
  <datafield tag="310" ind1=" " ind2=" ">
    <subfield code="a">Biennial</subfield>
  </datafield>
  <datafield tag="336" ind1=" " ind2=" ">
    <subfield code="a">text</subfield>
    <subfield code="b">txt</subfield>
    <subfield code="2">rdacontent</subfield>
  </datafield>
  <datafield tag="337" ind1=" " ind2=" ">
    <subfield code="a">computer</subfield>
    <subfield code="b">c</subfield>
    <subfield code="2">rdamedia</subfield>
  </datafield>
  <datafield tag="338" ind1=" " ind2=" ">
    <subfield code="a">online resource</subfield>
    <subfield code="b">cr</subfield>
    <subfield code="2">rdacarrier</subfield>
  </datafield>
  <datafield tag="362" ind1="1" ind2=" ">
    <subfield code="a">Began with 2018.</subfield>
  </datafield>
  <datafield tag="588" ind1=" " ind2=" ">
    <subfield code="a">Description based on: 2018; title from PDF title page (publisher&apos;s Web site, viewed July 22, 2019).</subfield>
  </datafield>
  <datafield tag="588" ind1=" " ind2=" ">
    <subfield code="a">Latest issue consulted: 2018 (viewed July 22, 2019).</subfield>
  </datafield>
  <datafield tag="610" ind1="1" ind2="0">
    <subfield code="a">Virginia.</subfield>
    <subfield code="b">Department of Transportation</subfield>
    <subfield code="v">Statistics</subfield>
    <subfield code="v">Periodicals.</subfield>
  </datafield>
  <datafield tag="610" ind1="1" ind2="7">
    <subfield code="a">Virginia.</subfield>
    <subfield code="b">Department of Transportation.</subfield>
    <subfield code="2">fast</subfield>
    <subfield code="0">(OCoLC)fst01856283</subfield>
  </datafield>
  <datafield tag="650" ind1=" " ind2="0">
    <subfield code="a">Transportation</subfield>
    <subfield code="z">Virginia</subfield>
    <subfield code="v">Statistics</subfield>
    <subfield code="v">Periodicals.</subfield>
  </datafield>
  <datafield tag="650" ind1=" " ind2="0">
    <subfield code="a">Roads</subfield>
    <subfield code="z">Virginia</subfield>
    <subfield code="v">Statistics</subfield>
    <subfield code="v">Periodicals.</subfield>
  </datafield>
  <datafield tag="650" ind1=" " ind2="7">
    <subfield code="a">Roads.</subfield>
    <subfield code="2">fast</subfield>
    <subfield code="0">(OCoLC)fst01098511</subfield>
  </datafield>
  <datafield tag="650" ind1=" " ind2="7">
    <subfield code="a">Transportation.</subfield>
    <subfield code="2">fast</subfield>
    <subfield code="0">(OCoLC)fst01155007</subfield>
  </datafield>
  <datafield tag="651" ind1=" " ind2="7">
    <subfield code="a">Virginia.</subfield>
    <subfield code="2">fast</subfield>
    <subfield code="0">(OCoLC)fst01204597</subfield>
  </datafield>
  <datafield tag="655" ind1=" " ind2="7">
    <subfield code="a">Periodicals.</subfield>
    <subfield code="2">fast</subfield>
    <subfield code="0">(OCoLC)fst01411641</subfield>
  </datafield>
  <datafield tag="655" ind1=" " ind2="7">
    <subfield code="a">Statistics.</subfield>
    <subfield code="2">fast</subfield>
    <subfield code="0">(OCoLC)fst01423727</subfield>
  </datafield>
  <datafield tag="780" ind1="0" ind2="0">
    <subfield code="a">Virginia. Department of Transportation.</subfield>
    <subfield code="t">Annual report</subfield>
    <subfield code="w">(DLC)  2019210663</subfield>
    <subfield code="w">(OCoLC)1109846617</subfield>
  </datafield>
  <datafield tag="850" ind1=" " ind2=" ">
    <subfield code="a">DLC</subfield>
  </datafield>
  <datafield tag="856" ind1="4" ind2="0">
    <subfield code="3">Library of Congress Web Archive, 2018- :</subfield>
    <subfield code="u">http://webarchive.loc.gov/all/2/http://www.virginiadot.org/projects/Legislativestudies.asp</subfield>
  </datafield>
  <datafield tag="859" ind1="4" ind2="0">
    <subfield code="3">Library of Congress Web Archive, 2018- :</subfield>
    <subfield code="u">http://webarchive.loc.gov/all/2/http://www.virginiadot.org/projects/Legislativestudies.asp</subfield>
  </datafield>
  <datafield tag="859" ind1="4" ind2="0">
    <subfield code="u">http://www.virginiadot.org/projects/Legislativestudies.asp</subfield>
  </datafield>
  <datafield tag="906" ind1=" " ind2=" ">
    <subfield code="a">7</subfield>
    <subfield code="b">cbc</subfield>
    <subfield code="c">serorig</subfield>
    <subfield code="d">3</subfield>
    <subfield code="e">ncip</subfield>
    <subfield code="f">20</subfield>
    <subfield code="g">n-oclcserc</subfield>
  </datafield>
  <datafield tag="925" ind1="0" ind2=" ">
    <subfield code="a">Acquire</subfield>
    <subfield code="b">etransfer</subfield>
    <subfield code="x">policy default 2019-07-22</subfield>
  </datafield>
  <datafield tag="955" ind1=" " ind2=" ">
    <subfield code="i">hk11 2019-07-22</subfield>
  </datafield>
  <datafield tag="985" ind1=" " ind2=" ">
    <subfield code="a">LC Online Resource</subfield>
    <subfield code="d">2019-12-31</subfield>
    <subfield code="e">etransfer</subfield>
  </datafield>
</record>