
<record>
  <leader>02801cam a2200397 i 4500</leader>
  <controlfield tag="001">21097030</controlfield>
  <controlfield tag="005">20200102135233.0</controlfield>
  <controlfield tag="008">190722s2019    maua     b    001 0 eng  </controlfield>
  <datafield tag="906" ind1=" " ind2=" ">
    <subfield code="a">7</subfield>
    <subfield code="b">cbc</subfield>
    <subfield code="c">orignew</subfield>
    <subfield code="d">1</subfield>
    <subfield code="e">ecip</subfield>
    <subfield code="f">20</subfield>
    <subfield code="g">y-gencatlg</subfield>
  </datafield>
  <datafield tag="925" ind1="0" ind2=" ">
    <subfield code="a">acquire</subfield>
    <subfield code="b">1 shelf copy</subfield>
    <subfield code="x">policy default</subfield>
  </datafield>
  <datafield tag="955" ind1=" " ind2=" ">
    <subfield code="b">rf21 2019-07-22</subfield>
    <subfield code="i">rf21 2019-07-25 to SL</subfield>
    <subfield code="a">rf21 2019-07-26 (telework) updated</subfield>
    <subfield code="e">rf06 2019-07-26 (telework) to Dewey</subfield>
    <subfield code="w">xm09 2019-07-26</subfield>
    <subfield code="a">xn17 2019-10-23 1 copy rec&apos;d., to CIP ver.</subfield>
    <subfield code="f">rf06 2019-11-05 to CALM</subfield>
    <subfield code="s">rf13 2020-01-02 c. 2 to Discard 00501727428</subfield>
  </datafield>
  <datafield tag="010" ind1=" " ind2=" ">
    <subfield code="a">  2019026931</subfield>
  </datafield>
  <datafield tag="020" ind1=" " ind2=" ">
    <subfield code="a">9789004408630</subfield>
    <subfield code="q">(hardback)</subfield>
  </datafield>
  <datafield tag="020" ind1=" " ind2=" ">
    <subfield code="z">9789004408647</subfield>
    <subfield code="q">(ebook)</subfield>
  </datafield>
  <datafield tag="040" ind1=" " ind2=" ">
    <subfield code="a">DLC</subfield>
    <subfield code="b">eng</subfield>
    <subfield code="c">DLC</subfield>
    <subfield code="e">rda</subfield>
    <subfield code="d">DLC</subfield>
  </datafield>
  <datafield tag="041" ind1="1" ind2=" ">
    <subfield code="a">fre</subfield>
    <subfield code="a">eng</subfield>
  </datafield>
  <datafield tag="042" ind1=" " ind2=" ">
    <subfield code="a">pcc</subfield>
  </datafield>
  <datafield tag="043" ind1=" " ind2=" ">
    <subfield code="a">n-cn---</subfield>
    <subfield code="a">n-usm--</subfield>
  </datafield>
  <datafield tag="050" ind1="0" ind2="0">
    <subfield code="a">F1030</subfield>
    <subfield code="b">.C50313 2019</subfield>
  </datafield>
  <datafield tag="082" ind1="0" ind2="0">
    <subfield code="a">971.01</subfield>
    <subfield code="2">23</subfield>
  </datafield>
  <datafield tag="100" ind1="1" ind2=" ">
    <subfield code="a">Charlevoix, Pierre-Franois-Xavier de,</subfield>
    <subfield code="d">1682-1761,</subfield>
    <subfield code="e">author.</subfield>
  </datafield>
  <datafield tag="240" ind1="1" ind2="0">
    <subfield code="a">Journal d&apos;un voyage.</subfield>
    <subfield code="l">English</subfield>
  </datafield>
  <datafield tag="245" ind1="1" ind2="4">
    <subfield code="a">The Jesuit Pierre-Franois-Xavier de Charlevoix&apos;s (1682-1761) journal of a voyage in North America :</subfield>
    <subfield code="b">an annotated translation /</subfield>
    <subfield code="c">by Micah True.</subfield>
  </datafield>
  <datafield tag="264" ind1=" " ind2="1">
    <subfield code="a">Leiden ; Boston :</subfield>
    <subfield code="b">Brill,</subfield>
    <subfield code="c">[2019]</subfield>
  </datafield>
  <datafield tag="300" ind1=" " ind2=" ">
    <subfield code="a">xx, 549 pages :</subfield>
    <subfield code="b">maps ;</subfield>
    <subfield code="c">25 cm.</subfield>
  </datafield>
  <datafield tag="336" ind1=" " ind2=" ">
    <subfield code="a">text</subfield>
    <subfield code="b">txt</subfield>
    <subfield code="2">rdacontent</subfield>
  </datafield>
  <datafield tag="337" ind1=" " ind2=" ">
    <subfield code="a">unmediated</subfield>
    <subfield code="b">n</subfield>
    <subfield code="2">rdamedia</subfield>
  </datafield>
  <datafield tag="338" ind1=" " ind2=" ">
    <subfield code="a">volume</subfield>
    <subfield code="b">nc</subfield>
    <subfield code="2">rdacarrier</subfield>
  </datafield>
  <datafield tag="490" ind1="0" ind2=" ">
    <subfield code="a">Jesuit studies - modernity through the prism of jesuit history,</subfield>
    <subfield code="x">2214-3289 ;</subfield>
    <subfield code="v">volume 24</subfield>
  </datafield>
  <datafield tag="504" ind1=" " ind2=" ">
    <subfield code="a">Includes bibliographical references (pages 509-515) and index.</subfield>
  </datafield>
  <datafield tag="520" ind1=" " ind2=" ">
    <subfield code="a">&quot;The French Jesuit Pierre-Franois-Xavier de Charlevoix&apos;s 1744 journal of his voyage through French North America-New France, Louisiana, and the Caribbean-is among the richest eighteenth-century accounts of the continent&apos;s colonization, as well as its indigenous inhabitants, flora, and fauna. Micah True&apos;s new translation of this influential text is the first to appear since 1763. It provides the first complete and reliable English version of Charlevoix&apos;s journal and reveals the famous Jesuit to have been a better literary stylist than has often been assumed on the basis of earlier translations. Complemented by a detailed introduction and richly annotated, this volume finally makes accessible to an Anglophone audience one of the key texts of eighteenth-century French America&quot;--</subfield>
    <subfield code="c">Provided by publisher.</subfield>
  </datafield>
  <datafield tag="651" ind1=" " ind2="0">
    <subfield code="a">Canada</subfield>
    <subfield code="x">History</subfield>
    <subfield code="y">To 1763 (New France)</subfield>
  </datafield>
  <datafield tag="650" ind1=" " ind2="0">
    <subfield code="a">Indians of North America</subfield>
    <subfield code="z">Canada</subfield>
    <subfield code="v">Early works to 1800.</subfield>
  </datafield>
  <datafield tag="651" ind1=" " ind2="0">
    <subfield code="a">Canada</subfield>
    <subfield code="x">Description and travel</subfield>
    <subfield code="v">Early works to 1800.</subfield>
  </datafield>
  <datafield tag="700" ind1="1" ind2=" ">
    <subfield code="a">True, Micah,</subfield>
    <subfield code="d">1981-</subfield>
    <subfield code="e">translator.</subfield>
  </datafield>
  <datafield tag="776" ind1="0" ind2="8">
    <subfield code="i">Online version:</subfield>
    <subfield code="a">Charlevoix, Pierre-Franois-Xavier de, 1682-1761.</subfield>
    <subfield code="t">The Jesuit Pierre-Franois-Xavier de Charlevoix&apos;s (1682-1761) journal of a voyage in North America</subfield>
    <subfield code="d">Leiden ; Boston : Brill, [2019]</subfield>
    <subfield code="z">9789004408647</subfield>
    <subfield code="w">(DLC) 2019026932</subfield>
  </datafield>
</record>