
<record>
  <leader>02256cam a22002775i 4500</leader>
  <controlfield tag="001">21098524</controlfield>
  <controlfield tag="005">20200102112704.0</controlfield>
  <controlfield tag="008">190723s2019    nyu           000 0 eng  </controlfield>
  <datafield tag="906" ind1=" " ind2=" ">
    <subfield code="a">0</subfield>
    <subfield code="b">ibc</subfield>
    <subfield code="c">orignew</subfield>
    <subfield code="d">2</subfield>
    <subfield code="e">epcn</subfield>
    <subfield code="f">20</subfield>
    <subfield code="g">y-gencatlg</subfield>
  </datafield>
  <datafield tag="925" ind1="0" ind2=" ">
    <subfield code="a">acquire</subfield>
    <subfield code="b">1 shelf copy</subfield>
    <subfield code="x">policy default</subfield>
  </datafield>
  <datafield tag="955" ind1=" " ind2=" ">
    <subfield code="b">xd14 2019-07-23</subfield>
    <subfield code="a">xn11 2020-01-02 1 copy rec&apos;d., to USASH</subfield>
  </datafield>
  <datafield tag="010" ind1=" " ind2=" ">
    <subfield code="a">  2019946698</subfield>
  </datafield>
  <datafield tag="020" ind1=" " ind2=" ">
    <subfield code="a">9781781686249</subfield>
    <subfield code="q">(hardback)</subfield>
  </datafield>
  <datafield tag="020" ind1=" " ind2=" ">
    <subfield code="z">9781781686256</subfield>
    <subfield code="q">(ebk)</subfield>
  </datafield>
  <datafield tag="040" ind1=" " ind2=" ">
    <subfield code="a">DLC</subfield>
    <subfield code="b">eng</subfield>
    <subfield code="e">rda</subfield>
    <subfield code="c">DLC</subfield>
  </datafield>
  <datafield tag="042" ind1=" " ind2=" ">
    <subfield code="a">pcc</subfield>
  </datafield>
  <datafield tag="100" ind1="1" ind2=" ">
    <subfield code="a">Zevin, Alexander,</subfield>
    <subfield code="e">author.</subfield>
  </datafield>
  <datafield tag="245" ind1="1" ind2="0">
    <subfield code="a">Liberalism at large :</subfield>
    <subfield code="b">the world according to the economist /</subfield>
    <subfield code="c">Alexander Zevin.</subfield>
  </datafield>
  <datafield tag="250" ind1=" " ind2=" ">
    <subfield code="a">First edition hardback.</subfield>
  </datafield>
  <datafield tag="263" ind1=" " ind2=" ">
    <subfield code="a">1911</subfield>
  </datafield>
  <datafield tag="264" ind1=" " ind2="1">
    <subfield code="a">New York :</subfield>
    <subfield code="b">Verso Books,</subfield>
    <subfield code="c">2019.</subfield>
  </datafield>
  <datafield tag="300" ind1=" " ind2=" ">
    <subfield code="a">pages cm</subfield>
  </datafield>
  <datafield tag="336" ind1=" " ind2=" ">
    <subfield code="a">text</subfield>
    <subfield code="b">txt</subfield>
    <subfield code="2">rdacontent</subfield>
  </datafield>
  <datafield tag="337" ind1=" " ind2=" ">
    <subfield code="a">unmediated</subfield>
    <subfield code="b">n</subfield>
    <subfield code="2">rdamedia</subfield>
  </datafield>
  <datafield tag="338" ind1=" " ind2=" ">
    <subfield code="a">volume</subfield>
    <subfield code="b">nc</subfield>
    <subfield code="2">rdacarrier</subfield>
  </datafield>
  <datafield tag="520" ind1=" " ind2=" ">
    <subfield code="a">&quot;In this landmark book, Alexander Zevin looks at the development of modern liberalism by examining the long history of the Economist newspaper, which, since 1843, the most tireless-and internationally influential-champion of the liberal cause anywhere in the world. But what exactly is liberalism, and how has its message evolved? Liberalism at Large examines a political ideology on the move as it confronts the challenges that classical doctrine left unresolved: the rise of democracy, the expansion of empire, the ascendancy of high finance. Contact with such momentous forces was never going to leave the proponents of liberal values unchanged. Zevin holds a mirror to the politics-and personalities-of Economist editors past and present, from Victorian banker-essayists James Wilson and Walter Bagehot to latter-day eminences Bill Emmott and Zanny Minton Beddoes. Today, neither economic crisis at home nor permanent warfare abroad has dimmed the Economist&apos;s belief in unfettered markets, limited government, and a free hand for the West. Confidante to the powerful, emissary for the financial sector, portal onto international affairs, the bestselling newsweekly shapes the world its readers-as well as everyone else-inhabit. This is the first critical biography of one of the architects of a liberal world order now under increasing strain&quot;--</subfield>
    <subfield code="c">Provided by publisher.</subfield>
  </datafield>
</record>