
<record>
  <leader>03067cam a2200349 i 4500</leader>
  <controlfield tag="001">21098693</controlfield>
  <controlfield tag="005">20200102201404.0</controlfield>
  <controlfield tag="008">190723t20192019mtu      b    001 0 eng  </controlfield>
  <datafield tag="906" ind1=" " ind2=" ">
    <subfield code="a">7</subfield>
    <subfield code="b">cbc</subfield>
    <subfield code="c">orignew</subfield>
    <subfield code="d">1</subfield>
    <subfield code="e">ecip</subfield>
    <subfield code="f">20</subfield>
    <subfield code="g">y-gencatlg</subfield>
  </datafield>
  <datafield tag="925" ind1="0" ind2=" ">
    <subfield code="a">acquire</subfield>
    <subfield code="b">2 shelf copies</subfield>
    <subfield code="x">policy default</subfield>
  </datafield>
  <datafield tag="955" ind1=" " ind2=" ">
    <subfield code="b">AzTeS 2019-07-23</subfield>
    <subfield code="e">rf06 2019-07-25 (episodic telework) to Dewey</subfield>
    <subfield code="w">xm09 2019-07-25</subfield>
    <subfield code="a">xn11 2019-11-05 1 copy rec&apos;d., to CIP ver.</subfield>
    <subfield code="f">rm11 2020-01-02 CIP Ver to BCCD</subfield>
  </datafield>
  <datafield tag="010" ind1=" " ind2=" ">
    <subfield code="a">  2019011264</subfield>
  </datafield>
  <datafield tag="020" ind1=" " ind2=" ">
    <subfield code="a">9781934594254</subfield>
    <subfield code="q">(paperback)</subfield>
  </datafield>
  <datafield tag="040" ind1=" " ind2=" ">
    <subfield code="a">AzTeS/DLC</subfield>
    <subfield code="b">eng</subfield>
    <subfield code="c">DLC</subfield>
    <subfield code="e">rda</subfield>
    <subfield code="d">DLC</subfield>
  </datafield>
  <datafield tag="042" ind1=" " ind2=" ">
    <subfield code="a">pcc</subfield>
  </datafield>
  <datafield tag="043" ind1=" " ind2=" ">
    <subfield code="a">n-usp--</subfield>
  </datafield>
  <datafield tag="050" ind1="0" ind2="0">
    <subfield code="a">E99.S2</subfield>
    <subfield code="b">S66 2019</subfield>
  </datafield>
  <datafield tag="082" ind1="0" ind2="0">
    <subfield code="a">978.6004/979435</subfield>
    <subfield code="2">23</subfield>
  </datafield>
  <datafield tag="245" ind1="0" ind2="0">
    <subfield code="a">Sometimes my people get mad when the Blackfeet kill us :</subfield>
    <subfield code="b">a documentary history of the Salish and Pend d&apos;Oreille Indians, 1845-1874 /</subfield>
    <subfield code="c">edited by Robert Bigart and Joseph McDonald.</subfield>
  </datafield>
  <datafield tag="264" ind1=" " ind2="1">
    <subfield code="a">Pablo, Montana :</subfield>
    <subfield code="b">Salish Kootenai College Press ;</subfield>
    <subfield code="a">Lincoln, Nebraska :</subfield>
    <subfield code="b">Distributed by University of Nebraska Press,</subfield>
    <subfield code="c">[2019]</subfield>
  </datafield>
  <datafield tag="264" ind1=" " ind2="4">
    <subfield code="c">2019</subfield>
  </datafield>
  <datafield tag="300" ind1=" " ind2=" ">
    <subfield code="a">402 pages :</subfield>
    <subfield code="b">illustrations, map ;</subfield>
    <subfield code="c">26 cm</subfield>
  </datafield>
  <datafield tag="336" ind1=" " ind2=" ">
    <subfield code="a">text</subfield>
    <subfield code="b">txt</subfield>
    <subfield code="2">rdacontent</subfield>
  </datafield>
  <datafield tag="337" ind1=" " ind2=" ">
    <subfield code="a">unmediated</subfield>
    <subfield code="b">n</subfield>
    <subfield code="2">rdamedia</subfield>
  </datafield>
  <datafield tag="338" ind1=" " ind2=" ">
    <subfield code="a">volume</subfield>
    <subfield code="b">nc</subfield>
    <subfield code="2">rdacarrier</subfield>
  </datafield>
  <datafield tag="504" ind1=" " ind2=" ">
    <subfield code="a">Inclues bibliographical references and index.</subfield>
  </datafield>
  <datafield tag="520" ind1=" " ind2=" ">
    <subfield code="a">&quot;The documents collected in this book provide a window into a challenging and dangerous period in the history of the Salish and Pend d&apos;Oreille Indians of western Montana. Since these are paper sources, they were all written or recorded by white people, but, used carefully, they provide important information about the experiences of the tribes. Between 1845 and 1874 the Salish and Pend d&apos;Oreille faced continued attacks, property loss, and death from the Plains Indian tribes east of the Continental Divide. The population losses suffered by the western tribes nearly exterminated them as independent tribal bodies. The Salish and Pend d&apos;Oreille allied with other western tribes and adopted warriors from other tribes to replace some of their war losses. They also reached out for spiritual power from the Christian missionaries who established St. Mary&apos;s and St. Ignatius Missions. Another coping strategy was their alliance with the white men who invaded the Northern Rocky Mountains and fought the same Plains tribes. The 1845 to 1874 period also saw the growth of Salish and Pend d&apos;Oreille farms and horse and cattle herds to compensate for the declining buffalo herds. By 1874, most Salish and Pend d&apos;Oreille were primarily supported by hunting and gathering, but their farms and herds were growing to fill in the shortages. Hopefully the reader will enjoy these sources as a trip through Salish and Pend d&apos;Oreille history in the nineteenth century and see the resourcefulness and courage of their response to crisis&quot;--</subfield>
    <subfield code="c">Provided by publisher.</subfield>
  </datafield>
  <datafield tag="650" ind1=" " ind2="0">
    <subfield code="a">Salish Indians</subfield>
    <subfield code="x">History</subfield>
    <subfield code="y">19th century</subfield>
    <subfield code="v">Sources.</subfield>
  </datafield>
  <datafield tag="650" ind1=" " ind2="0">
    <subfield code="a">Kalispel Indians</subfield>
    <subfield code="x">History</subfield>
    <subfield code="y">19th century</subfield>
    <subfield code="v">Sources.</subfield>
  </datafield>
  <datafield tag="700" ind1="1" ind2=" ">
    <subfield code="a">Bigart, Robert,</subfield>
    <subfield code="e">editor.</subfield>
  </datafield>
  <datafield tag="700" ind1="1" ind2=" ">
    <subfield code="a">McDonald, Joseph,</subfield>
    <subfield code="d">1933-</subfield>
    <subfield code="e">editor.</subfield>
  </datafield>
  <datafield tag="985" ind1=" " ind2=" ">
    <subfield code="a">AzTeSCIP</subfield>
    <subfield code="d">2019-07-23</subfield>
  </datafield>
</record>