
<record>
  <leader>02753cam a2200553 i 4500</leader>
  <controlfield tag="001">21102876</controlfield>
  <controlfield tag="005">20200102153531.0</controlfield>
  <controlfield tag="008">190726s2017    cc abe   b    000 0 chi d</controlfield>
  <datafield tag="906" ind1=" " ind2=" ">
    <subfield code="a">7</subfield>
    <subfield code="b">cbc</subfield>
    <subfield code="c">copycat</subfield>
    <subfield code="d">3</subfield>
    <subfield code="e">ncip</subfield>
    <subfield code="f">20</subfield>
    <subfield code="g">y-nonroman</subfield>
  </datafield>
  <datafield tag="925" ind1="0" ind2=" ">
    <subfield code="a">acquire</subfield>
    <subfield code="b">1 shelf copy</subfield>
    <subfield code="x">policy default</subfield>
  </datafield>
  <datafield tag="955" ind1=" " ind2=" ">
    <subfield code="b">cc07 2019-07-26 z-processor JACKPHY</subfield>
    <subfield code="i">cc 03 2020-01-02 to Asian</subfield>
  </datafield>
  <datafield tag="010" ind1=" " ind2=" ">
    <subfield code="a">  2019356238</subfield>
  </datafield>
  <datafield tag="020" ind1=" " ind2=" ">
    <subfield code="a">9787112218004</subfield>
  </datafield>
  <datafield tag="020" ind1=" " ind2=" ">
    <subfield code="a">7112218004</subfield>
  </datafield>
  <datafield tag="035" ind1=" " ind2=" ">
    <subfield code="a">(OCoLC)on1042315154</subfield>
  </datafield>
  <datafield tag="040" ind1=" " ind2=" ">
    <subfield code="a">CNPIT</subfield>
    <subfield code="b">eng</subfield>
    <subfield code="e">rda</subfield>
    <subfield code="c">CNPIT</subfield>
    <subfield code="d">BCBTC</subfield>
    <subfield code="d">CAM</subfield>
    <subfield code="d">OCLCF</subfield>
    <subfield code="d">PAU</subfield>
    <subfield code="d">MZA</subfield>
    <subfield code="d">DLC</subfield>
  </datafield>
  <datafield tag="042" ind1=" " ind2=" ">
    <subfield code="a">lccopycat</subfield>
  </datafield>
  <datafield tag="043" ind1=" " ind2=" ">
    <subfield code="a">a-cc---</subfield>
  </datafield>
  <datafield tag="050" ind1="0" ind2="0">
    <subfield code="a">SB457.55</subfield>
    <subfield code="b">.H836 2018</subfield>
  </datafield>
  <datafield tag="066" ind1=" " ind2=" ">
    <subfield code="c">$1</subfield>
  </datafield>
  <datafield tag="100" ind1="1" ind2=" ">
    <subfield code="6">880-01</subfield>
    <subfield code="a">Huang, Xiao,</subfield>
    <subfield code="e">author.</subfield>
  </datafield>
  <datafield tag="880" ind1="1" ind2=" ">
    <subfield code="6">100-01/$1</subfield>
    <subfield code="a">,</subfield>
    <subfield code="e">author.</subfield>
  </datafield>
  <datafield tag="245" ind1="1" ind2="0">
    <subfield code="6">880-02</subfield>
    <subfield code="a">Xiao shi de yuan lin :</subfield>
    <subfield code="b">Ming dai Changzhou Zhi yuan /</subfield>
    <subfield code="c">Huang Xiao [and 2 others] zhu.</subfield>
  </datafield>
  <datafield tag="880" ind1="1" ind2="0">
    <subfield code="6">245-02/$1</subfield>
    <subfield code="a"> :</subfield>
    <subfield code="b"> /</subfield>
    <subfield code="c"> [and 2 others].</subfield>
  </datafield>
  <datafield tag="246" ind1="1" ind2="4">
    <subfield code="a">Xiaoshi de yuanlin :</subfield>
    <subfield code="b">Mingdai Changzhou Zhiyuan</subfield>
  </datafield>
  <datafield tag="246" ind1="3" ind2="0">
    <subfield code="6">880-03</subfield>
    <subfield code="a">Ming dai Changzhou Zhi yuan</subfield>
  </datafield>
  <datafield tag="880" ind1="3" ind2="0">
    <subfield code="6">246-03/$1</subfield>
    <subfield code="a"></subfield>
  </datafield>
  <datafield tag="250" ind1=" " ind2=" ">
    <subfield code="6">880-04</subfield>
    <subfield code="a">Di 1 ban.</subfield>
  </datafield>
  <datafield tag="880" ind1=" " ind2=" ">
    <subfield code="6">250-04/$1</subfield>
    <subfield code="a">1.</subfield>
  </datafield>
  <datafield tag="880" ind1=" " ind2=" ">
    <subfield code="6">260-00/$1</subfield>
    <subfield code="a"> :</subfield>
    <subfield code="b">,</subfield>
    <subfield code="c">2017.</subfield>
  </datafield>
  <datafield tag="264" ind1=" " ind2="1">
    <subfield code="6">880-05</subfield>
    <subfield code="a">Beijing :</subfield>
    <subfield code="b">Zhongguo jian zhu gong ye chu ban she,</subfield>
    <subfield code="c">2017.</subfield>
  </datafield>
  <datafield tag="880" ind1=" " ind2="1">
    <subfield code="6">264-05/$1</subfield>
    <subfield code="a"> :</subfield>
    <subfield code="b">,</subfield>
    <subfield code="c">2017.</subfield>
  </datafield>
  <datafield tag="300" ind1=" " ind2=" ">
    <subfield code="a">178 pages :</subfield>
    <subfield code="b">illustrations (chiefly color), maps, plans ;</subfield>
    <subfield code="c">24 cm</subfield>
  </datafield>
  <datafield tag="336" ind1=" " ind2=" ">
    <subfield code="a">text</subfield>
    <subfield code="b">txt</subfield>
    <subfield code="2">rdacontent</subfield>
  </datafield>
  <datafield tag="336" ind1=" " ind2=" ">
    <subfield code="a">still image</subfield>
    <subfield code="b">sti</subfield>
    <subfield code="2">rdacontent</subfield>
  </datafield>
  <datafield tag="336" ind1=" " ind2=" ">
    <subfield code="a">cartographic image</subfield>
    <subfield code="b">cri</subfield>
    <subfield code="2">rdacontent</subfield>
  </datafield>
  <datafield tag="337" ind1=" " ind2=" ">
    <subfield code="a">unmediated</subfield>
    <subfield code="b">n</subfield>
    <subfield code="2">rdamedia</subfield>
  </datafield>
  <datafield tag="338" ind1=" " ind2=" ">
    <subfield code="a">volume</subfield>
    <subfield code="b">nc</subfield>
    <subfield code="2">rdacarrier</subfield>
  </datafield>
  <datafield tag="504" ind1=" " ind2=" ">
    <subfield code="a">Includes bibliographical references.</subfield>
  </datafield>
  <datafield tag="880" ind1=" " ind2=" ">
    <subfield code="6">520-00/$1</subfield>
    <subfield code="a">, . , 20, , . ,,, , ,.</subfield>
  </datafield>
  <datafield tag="650" ind1=" " ind2="0">
    <subfield code="a">Gardens, Chinese</subfield>
    <subfield code="z">China</subfield>
    <subfield code="z">Changzhou (Jiangsu Sheng)</subfield>
  </datafield>
  <datafield tag="650" ind1=" " ind2="0">
    <subfield code="a">Gardens in art.</subfield>
  </datafield>
  <datafield tag="650" ind1=" " ind2="0">
    <subfield code="a">Painting, Chinese</subfield>
    <subfield code="y">Ming-Qing dynasties, 1368-1912.</subfield>
  </datafield>
  <datafield tag="650" ind1=" " ind2="7">
    <subfield code="a">Gardens, Chinese.</subfield>
    <subfield code="2">fast</subfield>
    <subfield code="0">(OCoLC)fst00937946</subfield>
  </datafield>
  <datafield tag="650" ind1=" " ind2="7">
    <subfield code="a">Gardens in art.</subfield>
    <subfield code="2">fast</subfield>
    <subfield code="0">(OCoLC)fst00937931</subfield>
  </datafield>
  <datafield tag="650" ind1=" " ind2="7">
    <subfield code="a">Painting, Chinese</subfield>
    <subfield code="x">Ming-Qing dynasties.</subfield>
    <subfield code="2">fast</subfield>
    <subfield code="0">(OCoLC)fst01907128</subfield>
  </datafield>
  <datafield tag="651" ind1=" " ind2="7">
    <subfield code="a">China</subfield>
    <subfield code="z">Changzhou (Jiangsu Sheng)</subfield>
    <subfield code="2">fast</subfield>
    <subfield code="0">(OCoLC)fst01312198</subfield>
  </datafield>
  <datafield tag="648" ind1=" " ind2="7">
    <subfield code="a">1368-1912</subfield>
    <subfield code="2">fast</subfield>
  </datafield>
  <datafield tag="923" ind1=" " ind2=" ">
    <subfield code="s">BZT</subfield>
  </datafield>
</record>