
<record>
  <leader>03031cam a2200385 i 4500</leader>
  <controlfield tag="001">21105925</controlfield>
  <controlfield tag="005">20200102142431.0</controlfield>
  <controlfield tag="008">190720s2019    nyua          000 0aeng c</controlfield>
  <datafield tag="906" ind1=" " ind2=" ">
    <subfield code="a">7</subfield>
    <subfield code="b">cbc</subfield>
    <subfield code="c">orignew</subfield>
    <subfield code="d">1</subfield>
    <subfield code="e">ecip</subfield>
    <subfield code="f">20</subfield>
    <subfield code="g">y-gencatlg</subfield>
  </datafield>
  <datafield tag="925" ind1="0" ind2=" ">
    <subfield code="a">acquire</subfield>
    <subfield code="b">1 shelf copy</subfield>
    <subfield code="x">policy default</subfield>
  </datafield>
  <datafield tag="955" ind1=" " ind2=" ">
    <subfield code="b">2019-07-20</subfield>
    <subfield code="e">rm05 2019-08-02 to Dewey</subfield>
    <subfield code="w">xm09 2019-08-02</subfield>
    <subfield code="a">xn17 2019-11-25 1 copy rec&apos;d., to CIP ver.</subfield>
    <subfield code="f">rm16 2020-01-02 to CALM</subfield>
  </datafield>
  <datafield tag="010" ind1=" " ind2=" ">
    <subfield code="a">  2019029832</subfield>
  </datafield>
  <datafield tag="020" ind1=" " ind2=" ">
    <subfield code="a">9780593132685</subfield>
    <subfield code="q">(hardcover)</subfield>
  </datafield>
  <datafield tag="020" ind1=" " ind2=" ">
    <subfield code="z">9780593132692</subfield>
    <subfield code="q">(ebook)</subfield>
  </datafield>
  <datafield tag="040" ind1=" " ind2=" ">
    <subfield code="a">LBSOR/DLC</subfield>
    <subfield code="b">eng</subfield>
    <subfield code="c">DLC</subfield>
    <subfield code="e">rda</subfield>
    <subfield code="d">DLC</subfield>
  </datafield>
  <datafield tag="042" ind1=" " ind2=" ">
    <subfield code="a">pcc</subfield>
  </datafield>
  <datafield tag="050" ind1="0" ind2="0">
    <subfield code="a">HQ1413.S675</subfield>
    <subfield code="b">S735 2019</subfield>
  </datafield>
  <datafield tag="082" ind1="0" ind2="0">
    <subfield code="a">305.42</subfield>
    <subfield code="2">23</subfield>
  </datafield>
  <datafield tag="100" ind1="1" ind2=" ">
    <subfield code="a">Steinem, Gloria,</subfield>
    <subfield code="e">author.</subfield>
  </datafield>
  <datafield tag="245" ind1="1" ind2="4">
    <subfield code="a">The truth will set you free, but first it will piss you off :</subfield>
    <subfield code="b">thoughts on life, love, and rebellion /</subfield>
    <subfield code="c">Gloria Steinem ; illustrations by Samantha Dion Baker.</subfield>
  </datafield>
  <datafield tag="250" ind1=" " ind2=" ">
    <subfield code="a">First edition.</subfield>
  </datafield>
  <datafield tag="264" ind1=" " ind2="1">
    <subfield code="a">New York :</subfield>
    <subfield code="b">Random House,</subfield>
    <subfield code="c">[2019]</subfield>
  </datafield>
  <datafield tag="300" ind1=" " ind2=" ">
    <subfield code="a">xxiii, 161 pages ;</subfield>
    <subfield code="b">color illustrations ;</subfield>
    <subfield code="c">22 cm</subfield>
  </datafield>
  <datafield tag="336" ind1=" " ind2=" ">
    <subfield code="a">text</subfield>
    <subfield code="b">txt</subfield>
    <subfield code="2">rdacontent</subfield>
  </datafield>
  <datafield tag="337" ind1=" " ind2=" ">
    <subfield code="a">unmediated</subfield>
    <subfield code="b">n</subfield>
    <subfield code="2">rdamedia</subfield>
  </datafield>
  <datafield tag="338" ind1=" " ind2=" ">
    <subfield code="a">volume</subfield>
    <subfield code="b">nc</subfield>
    <subfield code="2">rdacarrier</subfield>
  </datafield>
  <datafield tag="520" ind1=" " ind2=" ">
    <subfield code="a">&quot;For decades -- and especially now in these times of crisis -- people around the world have found guidance, humor, and unity in Gloria Steinem&apos;s gift for creating quotes that inspire action and create hope. From her early days as a journalist and feminist activist, up to today, Steinem&apos;s words have helped generations to empower themselves and work together. Gloria sees quotes as &apos;the poetry of everyday life,&apos; so she also has included a few favorites from friends, including bell hooks, Flo Kennedy, Michelle Obama, and more, in this anthology of quotes that will make you want to laugh, march, and create some of your own. At the end of the book, there is a special space for each reader to add their own quotes and others they&apos;ve found. Covering topics from relationships (&apos;Many are looking for the right person. Too few are looking to be the right person.&apos;) to patriarchy (&apos;Men are liked better when they win. Women are liked better when they lose. This is how patriarchy is enforced every day.&apos;) and activism (&apos;Change, like a tree, grows from the bottom up.&apos;), plus an introduction and essays by Steinem, this is the definitive collection of her words on many of the topics that matter most today. The Truth Will Set You Free, But First It Will Piss You Off! is both timeless and timely. It is a gift of hope from Gloria to readers, that they will want to share with friends&quot;--</subfield>
    <subfield code="c">Provided by publisher.</subfield>
  </datafield>
  <datafield tag="600" ind1="1" ind2="0">
    <subfield code="a">Steinem, Gloria</subfield>
    <subfield code="v">Quotations.</subfield>
  </datafield>
  <datafield tag="650" ind1=" " ind2="0">
    <subfield code="a">Feminism</subfield>
    <subfield code="v">Quotations, maxims, etc.</subfield>
  </datafield>
  <datafield tag="650" ind1=" " ind2="0">
    <subfield code="a">Inspiration</subfield>
    <subfield code="v">Quotations, maxims, etc.</subfield>
  </datafield>
  <datafield tag="650" ind1=" " ind2="0">
    <subfield code="a">Quotations, American.</subfield>
  </datafield>
  <datafield tag="650" ind1=" " ind2="0">
    <subfield code="a">Quotations, English.</subfield>
  </datafield>
  <datafield tag="700" ind1="1" ind2=" ">
    <subfield code="a">Baker, Samantha Dion,</subfield>
    <subfield code="e">illustrator.</subfield>
  </datafield>
  <datafield tag="776" ind1="0" ind2="8">
    <subfield code="i">Online version:</subfield>
    <subfield code="a">Steinem, Gloria.</subfield>
    <subfield code="t">Truth will set you free, but first it will piss you off.</subfield>
    <subfield code="b">First edition</subfield>
    <subfield code="d">New York : Random House, [2019]</subfield>
    <subfield code="z">9780593132692</subfield>
    <subfield code="w">(DLC)  2019029833</subfield>
  </datafield>
  <datafield tag="985" ind1=" " ind2=" ">
    <subfield code="a">LBSORCIP</subfield>
    <subfield code="d">2019-07-20</subfield>
  </datafield>
</record>