
<record>
  <leader>02587cam a2200397 i 4500</leader>
  <controlfield tag="001">21107414</controlfield>
  <controlfield tag="005">20200102093231.0</controlfield>
  <controlfield tag="008">190411s2019    njub     b    001 0 eng c</controlfield>
  <datafield tag="906" ind1=" " ind2=" ">
    <subfield code="a">7</subfield>
    <subfield code="b">cbc</subfield>
    <subfield code="c">orignew</subfield>
    <subfield code="d">1</subfield>
    <subfield code="e">ecip</subfield>
    <subfield code="f">20</subfield>
    <subfield code="g">y-gencatlg</subfield>
  </datafield>
  <datafield tag="925" ind1="0" ind2=" ">
    <subfield code="a">acquire</subfield>
    <subfield code="b">1 shelf copy</subfield>
    <subfield code="x">policy default</subfield>
  </datafield>
  <datafield tag="955" ind1=" " ind2=" ">
    <subfield code="b">2019-06-07</subfield>
    <subfield code="d">xk16 2019-07-30 to Policy</subfield>
    <subfield code="a">xn11 2019-09-12 1 copy rec&apos;d., to CIP ver.</subfield>
    <subfield code="f">xk25 2019-09-24 to CALM</subfield>
    <subfield code="a">td14 2020-01-02 galley to Dewey</subfield>
    <subfield code="w">xm04 2020-01-03</subfield>
  </datafield>
  <datafield tag="010" ind1=" " ind2=" ">
    <subfield code="a">  2019016416</subfield>
  </datafield>
  <datafield tag="020" ind1=" " ind2=" ">
    <subfield code="a">9781683931768</subfield>
    <subfield code="q">(hardcover ;</subfield>
    <subfield code="q">alk. paper)</subfield>
  </datafield>
  <datafield tag="020" ind1=" " ind2=" ">
    <subfield code="z">9781683931775</subfield>
    <subfield code="q">(electronic)</subfield>
  </datafield>
  <datafield tag="040" ind1=" " ind2=" ">
    <subfield code="a">LBSOR/DLC</subfield>
    <subfield code="b">eng</subfield>
    <subfield code="c">LBSOR</subfield>
    <subfield code="e">rda</subfield>
    <subfield code="d">DLC</subfield>
  </datafield>
  <datafield tag="042" ind1=" " ind2=" ">
    <subfield code="a">pcc</subfield>
  </datafield>
  <datafield tag="043" ind1=" " ind2=" ">
    <subfield code="a">ed-----</subfield>
  </datafield>
  <datafield tag="050" ind1="0" ind2="0">
    <subfield code="a">PR428.G46</subfield>
    <subfield code="b">P85 2019</subfield>
  </datafield>
  <datafield tag="082" ind1="0" ind2="0">
    <subfield code="a">822.3/3</subfield>
    <subfield code="2">23</subfield>
  </datafield>
  <datafield tag="100" ind1="1" ind2=" ">
    <subfield code="a">Puljcan Juric, Lea,</subfield>
    <subfield code="e">author.</subfield>
  </datafield>
  <datafield tag="245" ind1="1" ind2="0">
    <subfield code="a">Illyria in Shakespeare&apos;s England /</subfield>
    <subfield code="c">Lea Puljcan Juric.</subfield>
  </datafield>
  <datafield tag="264" ind1=" " ind2="1">
    <subfield code="a">Madison :</subfield>
    <subfield code="b">Fairleigh Dickinson University Press,</subfield>
    <subfield code="c">[2019]</subfield>
  </datafield>
  <datafield tag="300" ind1=" " ind2=" ">
    <subfield code="a">xiii, 353 pages :</subfield>
    <subfield code="b">maps ;</subfield>
    <subfield code="c">24 cm</subfield>
  </datafield>
  <datafield tag="336" ind1=" " ind2=" ">
    <subfield code="a">text</subfield>
    <subfield code="b">txt</subfield>
    <subfield code="2">rdacontent</subfield>
  </datafield>
  <datafield tag="337" ind1=" " ind2=" ">
    <subfield code="a">unmediated</subfield>
    <subfield code="b">n</subfield>
    <subfield code="2">rdamedia</subfield>
  </datafield>
  <datafield tag="338" ind1=" " ind2=" ">
    <subfield code="a">volume</subfield>
    <subfield code="b">nc</subfield>
    <subfield code="2">rdacarrier</subfield>
  </datafield>
  <datafield tag="500" ind1=" " ind2=" ">
    <subfield code="a">Revision of author&apos;s thesis (doctoral)--New York University, 2011, titled Where people kill with their looks : Illyria in Shakespeare&apos;s England and in modern literary criticism.</subfield>
  </datafield>
  <datafield tag="504" ind1=" " ind2=" ">
    <subfield code="a">Includes bibliographical references (pages 303-333) and index.</subfield>
  </datafield>
  <datafield tag="505" ind1="0" ind2=" ">
    <subfield code="a">Introduction : Illyria then and now -- Reborn and reconfigured : Illyria in Renaissance cosmographies, 1570-1620 -- Venturing in-between : Renaissance English travelers and merchants in the eastern Adriatic -- Adriatic romance -- Forms of otherness in Shakespeare&apos;s Twelfth night -- Rebellious Shakespeare : Illyrian unrest and the English &quot;nation&quot;.</subfield>
  </datafield>
  <datafield tag="520" ind1=" " ind2=" ">
    <subfield code="a">&quot;Illyria in Shakespeare&apos;s England studies the Eastern Adriatic region known as &apos;Illyria&apos; in five plays by Shakespeare and other early modern English writing. It examines the origins and features of past discourses on the area, expanding our knowledge of the ways in which England and other polities negotiated their position in the early modern world&quot;--</subfield>
    <subfield code="c">Provided by publisher.</subfield>
  </datafield>
  <datafield tag="650" ind1=" " ind2="0">
    <subfield code="a">English literature</subfield>
    <subfield code="y">Early modern, 1500-1700</subfield>
    <subfield code="x">History and criticism.</subfield>
  </datafield>
  <datafield tag="650" ind1=" " ind2="0">
    <subfield code="a">Geography in literature.</subfield>
  </datafield>
  <datafield tag="600" ind1="1" ind2="0">
    <subfield code="a">Shakespeare, William,</subfield>
    <subfield code="d">1564-1616</subfield>
    <subfield code="x">Knowledge</subfield>
    <subfield code="x">Geography.</subfield>
  </datafield>
  <datafield tag="651" ind1=" " ind2="0">
    <subfield code="a">Illyria</subfield>
    <subfield code="x">In literature.</subfield>
  </datafield>
  <datafield tag="776" ind1="0" ind2="8">
    <subfield code="i">Online version:</subfield>
    <subfield code="a">Juric, Lea Puljcan.</subfield>
    <subfield code="s">Where people kill with their looks</subfield>
    <subfield code="t">Illyria in Shakespeare&apos;s England.</subfield>
    <subfield code="d">Vancouver ; Madison : Fairleigh Dickinson University Press, [2019]</subfield>
    <subfield code="z">9781683931775</subfield>
    <subfield code="w">(DLC)  2019980354</subfield>
  </datafield>
  <datafield tag="985" ind1=" " ind2=" ">
    <subfield code="a">LBSORCIP</subfield>
    <subfield code="d">2019-06-07</subfield>
  </datafield>
</record>