
<record>
  <leader>03977cam a2200493 i 4500</leader>
  <controlfield tag="001">21111271</controlfield>
  <controlfield tag="005">20200102102635.0</controlfield>
  <controlfield tag="008">190720s2020    pau      b    001 0 eng c</controlfield>
  <datafield tag="906" ind1=" " ind2=" ">
    <subfield code="a">7</subfield>
    <subfield code="b">cbc</subfield>
    <subfield code="c">orignew</subfield>
    <subfield code="d">1</subfield>
    <subfield code="e">ecip</subfield>
    <subfield code="f">20</subfield>
    <subfield code="g">y-gencatlg</subfield>
  </datafield>
  <datafield tag="925" ind1="0" ind2=" ">
    <subfield code="a">acquire</subfield>
    <subfield code="b">1 shelf copy</subfield>
    <subfield code="x">policy default</subfield>
  </datafield>
  <datafield tag="955" ind1=" " ind2=" ">
    <subfield code="b">2019-07-20</subfield>
    <subfield code="e">re06 2019-08-01 (telework) to Dewey</subfield>
    <subfield code="w">xm06 2019-08-01</subfield>
    <subfield code="a">xn17 2019-12-09 1 copy rec&apos;d., to CIP ver.</subfield>
    <subfield code="f">re24 2020-01-02 to CALM</subfield>
  </datafield>
  <datafield tag="010" ind1=" " ind2=" ">
    <subfield code="a">  2019010532</subfield>
  </datafield>
  <datafield tag="020" ind1=" " ind2=" ">
    <subfield code="a">9781439915721</subfield>
    <subfield code="q">(cloth)</subfield>
  </datafield>
  <datafield tag="020" ind1=" " ind2=" ">
    <subfield code="a">9781439915738</subfield>
    <subfield code="q">(paperback)</subfield>
  </datafield>
  <datafield tag="020" ind1=" " ind2=" ">
    <subfield code="z">9781439915745</subfield>
    <subfield code="q">(ebook)</subfield>
  </datafield>
  <datafield tag="040" ind1=" " ind2=" ">
    <subfield code="a">LBSOR/DLC</subfield>
    <subfield code="b">eng</subfield>
    <subfield code="c">DLC</subfield>
    <subfield code="e">rda</subfield>
    <subfield code="d">DLC</subfield>
  </datafield>
  <datafield tag="042" ind1=" " ind2=" ">
    <subfield code="a">pcc</subfield>
  </datafield>
  <datafield tag="043" ind1=" " ind2=" ">
    <subfield code="a">a------</subfield>
    <subfield code="a">n------</subfield>
  </datafield>
  <datafield tag="050" ind1="0" ind2="0">
    <subfield code="a">JC599.A78</subfield>
    <subfield code="b">S93 2020</subfield>
  </datafield>
  <datafield tag="082" ind1="0" ind2="0">
    <subfield code="a">323.1195/07</subfield>
    <subfield code="2">23</subfield>
  </datafield>
  <datafield tag="245" ind1="0" ind2="4">
    <subfield code="a">The subject(s) of human rights :</subfield>
    <subfield code="b">crises, violations, and Asian/American critique /</subfield>
    <subfield code="c">edited by Cathy J. Schlund-Vials, Guy Beauregard, and Hsiu-chuan Lee ; with an afterword by Madeleine Thien.</subfield>
  </datafield>
  <datafield tag="264" ind1=" " ind2="1">
    <subfield code="a">Philadelphia :</subfield>
    <subfield code="b">Temple University Press,</subfield>
    <subfield code="c">2020.</subfield>
  </datafield>
  <datafield tag="300" ind1=" " ind2=" ">
    <subfield code="a">viii, 249 pages ;</subfield>
    <subfield code="c">24 cm</subfield>
  </datafield>
  <datafield tag="336" ind1=" " ind2=" ">
    <subfield code="a">text</subfield>
    <subfield code="b">txt</subfield>
    <subfield code="2">rdacontent</subfield>
  </datafield>
  <datafield tag="337" ind1=" " ind2=" ">
    <subfield code="a">unmediated</subfield>
    <subfield code="b">n</subfield>
    <subfield code="2">rdamedia</subfield>
  </datafield>
  <datafield tag="338" ind1=" " ind2=" ">
    <subfield code="a">volume</subfield>
    <subfield code="b">nc</subfield>
    <subfield code="2">rdacarrier</subfield>
  </datafield>
  <datafield tag="490" ind1="0" ind2=" ">
    <subfield code="a">Asian American history and culture</subfield>
  </datafield>
  <datafield tag="504" ind1=" " ind2=" ">
    <subfield code="a">Includes bibliographical references and index.</subfield>
  </datafield>
  <datafield tag="505" ind1="0" ind2=" ">
    <subfield code="a">Introduction: The subject(s) of human rights : recalibrating Asian/American critique / Guy Beauregard, Cathy J. Schlund-Vials, and Hsiu-Chuan Lee -- Human rights and South Korea : U.S. imperialism, state ideologies, national politics, and camptown prostitution / Min-Jung Kim -- After 1947 : the relative, the refugee, and the immigrant in the Chinese Canadian family narrative / Christopher Lee -- The Vancouver Asahi connection : (re-)engagement of the families of returnees/deportees in Japanese Canadian history / Masumi Izumi -- A journey to freedom : human rights discourse and refugee memory / Vinh Nguyen -- &quot;Every bombed village is my hometown&quot; : James Baldwin&apos;s engagement with the American war in Vietnam / Yin Wang -- Matronly maids and willful women : migrant domestic workers in the plural / Christopher B. Patterson -- (De)humanizing labor : Southeast Asian migrant narratives in Taiwan / Grace Hui-Chuan Wu -- Factories, farms, and fisheries : human trafficking and tethered subjectivities from Asia to the Pacific / Annie Isabel Fukushima -- Re-framing Cambodia&apos;s killing fields : the commemorative limitations of atrocity tourism / Cathy J. Schlund-Vials -- Reclaiming home and &quot;righting&quot; citizenships in postwar Sri Lanka : internal displacement, memory, and human rights / Dinidu Karunanayake -- Toward an aesthetics and erotics of non-sovereign rights in Okinawa / Mayumo Inoue -- Figuring North Korean lives : reading at the limits of human rights / Christine Kim -- Afterword: The act of listening / Madeleine Thien.</subfield>
  </datafield>
  <datafield tag="520" ind1=" " ind2=" ">
    <subfield code="a">&quot;This work takes seriously the ways in which Asian American studies has from its founding engaged with humanitarian crises and large-scale violations. Committed to extending this critical work across local/global, domestic/international, and immigrant/refugee frames, this collection relocates Asian America from the periphery to the center of human rights critique&quot;--</subfield>
    <subfield code="c">Provided by publisher.</subfield>
  </datafield>
  <datafield tag="650" ind1=" " ind2="0">
    <subfield code="a">Human rights</subfield>
    <subfield code="z">Asia.</subfield>
  </datafield>
  <datafield tag="650" ind1=" " ind2="0">
    <subfield code="a">Human rights</subfield>
    <subfield code="z">North America.</subfield>
  </datafield>
  <datafield tag="650" ind1=" " ind2="0">
    <subfield code="a">Asians</subfield>
    <subfield code="x">Social conditions.</subfield>
  </datafield>
  <datafield tag="650" ind1=" " ind2="0">
    <subfield code="a">Asian Americans</subfield>
    <subfield code="x">Social conditions.</subfield>
  </datafield>
  <datafield tag="650" ind1=" " ind2="0">
    <subfield code="a">Human rights in literature.</subfield>
  </datafield>
  <datafield tag="650" ind1=" " ind2="0">
    <subfield code="a">Asian Americans</subfield>
    <subfield code="x">Study and teaching.</subfield>
  </datafield>
  <datafield tag="651" ind1=" " ind2="0">
    <subfield code="a">Asia</subfield>
    <subfield code="x">Relations</subfield>
    <subfield code="z">North America.</subfield>
  </datafield>
  <datafield tag="651" ind1=" " ind2="0">
    <subfield code="a">North America</subfield>
    <subfield code="x">Relations</subfield>
    <subfield code="z">Asia.</subfield>
  </datafield>
  <datafield tag="700" ind1="1" ind2=" ">
    <subfield code="a">Schlund-Vials, Cathy J.,</subfield>
    <subfield code="d">1974-</subfield>
    <subfield code="e">editor.</subfield>
  </datafield>
  <datafield tag="700" ind1="1" ind2=" ">
    <subfield code="a">Beauregard, Guy Pierre,</subfield>
    <subfield code="e">editor.</subfield>
  </datafield>
  <datafield tag="700" ind1="1" ind2=" ">
    <subfield code="a">Lee, Hsiu-chuan,</subfield>
    <subfield code="e">editor.</subfield>
  </datafield>
  <datafield tag="700" ind1="1" ind2=" ">
    <subfield code="a">Thien, Madeleine,</subfield>
    <subfield code="d">1974-</subfield>
    <subfield code="e">writer of afterword.</subfield>
  </datafield>
  <datafield tag="776" ind1="0" ind2="8">
    <subfield code="i">Online version:</subfield>
    <subfield code="t">Subject(s) of human rights.</subfield>
    <subfield code="d">Philadelphia : Temple University Press, 2020.</subfield>
    <subfield code="z">9781439915745</subfield>
    <subfield code="w">(DLC)  2019981205</subfield>
  </datafield>
  <datafield tag="985" ind1=" " ind2=" ">
    <subfield code="a">LBSORCIP</subfield>
    <subfield code="d">2019-07-20</subfield>
  </datafield>
</record>