
<record>
  <leader>02789cam a2200289 i 4500</leader>
  <controlfield tag="001">21117562</controlfield>
  <controlfield tag="005">20200102094051.0</controlfield>
  <controlfield tag="008">190803s2019    cau           000 0 eng  </controlfield>
  <datafield tag="906" ind1=" " ind2=" ">
    <subfield code="a">7</subfield>
    <subfield code="b">cbc</subfield>
    <subfield code="c">orignew</subfield>
    <subfield code="d">2</subfield>
    <subfield code="e">epcn</subfield>
    <subfield code="f">20</subfield>
    <subfield code="g">y-gencatlg</subfield>
  </datafield>
  <datafield tag="925" ind1="0" ind2=" ">
    <subfield code="a">acquire</subfield>
    <subfield code="b">1 shelf copy</subfield>
    <subfield code="x">policy default</subfield>
  </datafield>
  <datafield tag="955" ind1=" " ind2=" ">
    <subfield code="b">xd07 2019-08-03</subfield>
    <subfield code="a">xn11 2019-10-24 1 copy rec&apos;d., to USASH</subfield>
    <subfield code="i">rm14 2019-11-25</subfield>
    <subfield code="e">rm14 2020-01-02 (to Dewey)</subfield>
  </datafield>
  <datafield tag="010" ind1=" " ind2=" ">
    <subfield code="a">  2019947536</subfield>
  </datafield>
  <datafield tag="020" ind1=" " ind2=" ">
    <subfield code="a">9781947521100</subfield>
    <subfield code="q">(paperback)</subfield>
  </datafield>
  <datafield tag="040" ind1=" " ind2=" ">
    <subfield code="a">DLC</subfield>
    <subfield code="b">eng</subfield>
    <subfield code="e">rda</subfield>
    <subfield code="c">DLC</subfield>
  </datafield>
  <datafield tag="042" ind1=" " ind2=" ">
    <subfield code="a">pcc</subfield>
  </datafield>
  <datafield tag="043" ind1=" " ind2=" ">
    <subfield code="a">n-us-ga</subfield>
    <subfield code="a">n-us---</subfield>
  </datafield>
  <datafield tag="050" ind1="0" ind2="0">
    <subfield code="a">HV8145.G4</subfield>
    <subfield code="b">T54 2019</subfield>
  </datafield>
  <datafield tag="100" ind1="1" ind2=" ">
    <subfield code="a">Tiffin, Tony,</subfield>
    <subfield code="e">author.</subfield>
  </datafield>
  <datafield tag="245" ind1="1" ind2="0">
    <subfield code="a">Arc road :</subfield>
    <subfield code="b">the horrific murders of three police officers in Gwinnett County Georgia that changed law enforcement forever /</subfield>
    <subfield code="c">Tony Tiffin.</subfield>
  </datafield>
  <datafield tag="264" ind1=" " ind2="1">
    <subfield code="a">Los Angeles, California :</subfield>
    <subfield code="b">Genius Book Publishing,</subfield>
    <subfield code="c">[2019]</subfield>
  </datafield>
  <datafield tag="300" ind1=" " ind2=" ">
    <subfield code="a">290 pages ;</subfield>
    <subfield code="c">21 cm</subfield>
  </datafield>
  <datafield tag="336" ind1=" " ind2=" ">
    <subfield code="a">text</subfield>
    <subfield code="b">txt</subfield>
    <subfield code="2">rdacontent</subfield>
  </datafield>
  <datafield tag="337" ind1=" " ind2=" ">
    <subfield code="a">unmediated</subfield>
    <subfield code="b">n</subfield>
    <subfield code="2">rdamedia</subfield>
  </datafield>
  <datafield tag="338" ind1=" " ind2=" ">
    <subfield code="a">volume</subfield>
    <subfield code="b">nc</subfield>
    <subfield code="2">rdacarrier</subfield>
  </datafield>
  <datafield tag="520" ind1=" " ind2=" ">
    <subfield code="a">&quot;&quot;Never Give Up Your Gun!&quot; This advice to police officers is now universally known. In 1964, policing, particularly in rural Georgia, was more a matter of personality than training. But when three officers were killed on a lonely road one night, police everywhere woke up to the possibility that respect for the badge may no longer be enough to save their lives. Synopsis: The Gwinnett County, Georgia, Police Department was formed by tough, honorable men who were brought in to clean up the county after the sheriff made moonshining his personal business. But with a low budget-officers had to buy their own uniforms, guns, even bullets-the police had to take anyone with a pulse who could stand upright. Even with the odds against them, the police department grew into a force feared by the criminals and respected by county citizens residents. But late one night in spring of 1964, law enforcement in Gwinnett County- and everywhere-learned just how far that respect would go in saving their lives in a tight spot. Officers Jesse Gravitt, Ralph Davis, and Jerry Everett responding or responded to a radio call of suspicious activity on a desolate country road named Arc. What they found was a kind of criminal they were completely unprepared for, a psychopath who would do anything to avoid the consequences of his actions, including the cold blooded killing of three county police officers. This began one of the most intense murder investigations that Georgia had ever seen. Arc Road is the story of those officers, that investigation, and the fallout from those horrific murders that changed the way law enforcement officers are trained&quot;--</subfield>
    <subfield code="c">Provided by publisher.</subfield>
  </datafield>
  <datafield tag="650" ind1=" " ind2="0">
    <subfield code="a">Police murders</subfield>
    <subfield code="z">Georgia</subfield>
    <subfield code="z">Gwinnett County</subfield>
    <subfield code="x">History</subfield>
    <subfield code="y">20th century.</subfield>
  </datafield>
  <datafield tag="650" ind1=" " ind2="0">
    <subfield code="a">Police training</subfield>
    <subfield code="z">United States.</subfield>
  </datafield>
</record>