
<record>
  <leader>01973cam a22003498i 4500</leader>
  <controlfield tag="001">21124121</controlfield>
  <controlfield tag="005">20200102103507.0</controlfield>
  <controlfield tag="008">190808s2019    mnu           000 0 eng  </controlfield>
  <datafield tag="906" ind1=" " ind2=" ">
    <subfield code="a">0</subfield>
    <subfield code="b">vip</subfield>
    <subfield code="c">orignew</subfield>
    <subfield code="d">1</subfield>
    <subfield code="e">ecip</subfield>
    <subfield code="f">20</subfield>
    <subfield code="g">y-gencatlg</subfield>
  </datafield>
  <datafield tag="925" ind1="0" ind2=" ">
    <subfield code="a">acquire</subfield>
    <subfield code="b">1 shelf copy</subfield>
    <subfield code="x">policy default</subfield>
  </datafield>
  <datafield tag="955" ind1=" " ind2=" ">
    <subfield code="b">rk14 2019-08-08</subfield>
    <subfield code="c">rk14 2019-08-08 telework to subj</subfield>
    <subfield code="d">rk02 2019-08-08 to Dewey (telework)</subfield>
    <subfield code="w">xm07 2019-08-08</subfield>
    <subfield code="a">xn11 2019-11-06 1 copy rec&apos;d., to CIP ver.</subfield>
  </datafield>
  <datafield tag="010" ind1=" " ind2=" ">
    <subfield code="a">  2019034951</subfield>
  </datafield>
  <datafield tag="020" ind1=" " ind2=" ">
    <subfield code="a">9780738760933</subfield>
    <subfield code="q">(paperback)</subfield>
  </datafield>
  <datafield tag="020" ind1=" " ind2=" ">
    <subfield code="z">9780738761190</subfield>
    <subfield code="q">(ebook)</subfield>
  </datafield>
  <datafield tag="040" ind1=" " ind2=" ">
    <subfield code="a">DLC</subfield>
    <subfield code="b">eng</subfield>
    <subfield code="c">DLC</subfield>
    <subfield code="e">rda</subfield>
  </datafield>
  <datafield tag="042" ind1=" " ind2=" ">
    <subfield code="a">pcc</subfield>
  </datafield>
  <datafield tag="043" ind1=" " ind2=" ">
    <subfield code="a">e-uk-st</subfield>
  </datafield>
  <datafield tag="050" ind1="0" ind2="0">
    <subfield code="a">BF1581</subfield>
    <subfield code="b">.M45 2019</subfield>
  </datafield>
  <datafield tag="082" ind1="0" ind2="0">
    <subfield code="a">133.4/309411</subfield>
    <subfield code="2">23</subfield>
  </datafield>
  <datafield tag="100" ind1="1" ind2=" ">
    <subfield code="a">Meiklejohn-Free, Barbara,</subfield>
    <subfield code="e">author.</subfield>
  </datafield>
  <datafield tag="245" ind1="1" ind2="0">
    <subfield code="a">Scottish witchcraft :</subfield>
    <subfield code="b">a complete guide to authentic folklore, spells, and magickal tools /</subfield>
    <subfield code="c">Barbara Meiklejohn-Free ; editing by Brian R. Erdrich.</subfield>
  </datafield>
  <datafield tag="250" ind1=" " ind2=" ">
    <subfield code="a">First edition.</subfield>
  </datafield>
  <datafield tag="263" ind1=" " ind2=" ">
    <subfield code="a">1111</subfield>
  </datafield>
  <datafield tag="264" ind1=" " ind2="1">
    <subfield code="a">Woodbury, Minnesota :</subfield>
    <subfield code="b">Llewellyn Worldwide. Ltd,</subfield>
    <subfield code="c">2019.</subfield>
  </datafield>
  <datafield tag="300" ind1=" " ind2=" ">
    <subfield code="a">pages cm</subfield>
  </datafield>
  <datafield tag="336" ind1=" " ind2=" ">
    <subfield code="a">text</subfield>
    <subfield code="b">txt</subfield>
    <subfield code="2">rdacontent</subfield>
  </datafield>
  <datafield tag="337" ind1=" " ind2=" ">
    <subfield code="a">unmediated</subfield>
    <subfield code="b">n</subfield>
    <subfield code="2">rdamedia</subfield>
  </datafield>
  <datafield tag="338" ind1=" " ind2=" ">
    <subfield code="a">volume</subfield>
    <subfield code="b">nc</subfield>
    <subfield code="2">rdacarrier</subfield>
  </datafield>
  <datafield tag="520" ind1=" " ind2=" ">
    <subfield code="a">&quot;Scottish Witchcraft is an introduction and guide to the magical folk traditions of the Highlands of Scotland. Author Barbara Meiklejohn-Free, a Scottish hereditary witch and the Highland Seer, takes the reader on a journey through the history of the craft and shares the ins and outs of incorporating these ancient magical traditions into one&apos;s own life. Discover the secrets to faerie magic, divination, and communicating with ancestors. Explore herbal and plant lore, Scottish folk traditions, and magic rituals for your specific needs&quot;--</subfield>
    <subfield code="c">Provided by publisher.</subfield>
  </datafield>
  <datafield tag="650" ind1=" " ind2="0">
    <subfield code="a">Witchcraft</subfield>
    <subfield code="z">Scotland.</subfield>
  </datafield>
  <datafield tag="700" ind1="1" ind2=" ">
    <subfield code="a">Erdrich, Brian R.,</subfield>
    <subfield code="e">editor.</subfield>
  </datafield>
  <datafield tag="776" ind1="0" ind2="8">
    <subfield code="i">Online version:</subfield>
    <subfield code="a">Meiklejohn-Free, Barbara, 1957-</subfield>
    <subfield code="t">Scottish witchcraft</subfield>
    <subfield code="b">1.</subfield>
    <subfield code="d">Woodbury : Llewellyn Worldwide. Ltd, 2019.</subfield>
    <subfield code="z">9780738761190</subfield>
    <subfield code="w">(DLC) 2019034952</subfield>
  </datafield>
</record>