
<record>
  <leader>02794cam a2200349 i 4500</leader>
  <controlfield tag="001">21125515</controlfield>
  <controlfield tag="005">20200102103301.0</controlfield>
  <controlfield tag="008">190808s2019    ncu      b    001 0 eng  </controlfield>
  <datafield tag="906" ind1=" " ind2=" ">
    <subfield code="a">7</subfield>
    <subfield code="b">cbc</subfield>
    <subfield code="c">orignew</subfield>
    <subfield code="d">1</subfield>
    <subfield code="e">ecip</subfield>
    <subfield code="f">20</subfield>
    <subfield code="g">y-gencatlg</subfield>
  </datafield>
  <datafield tag="925" ind1="0" ind2=" ">
    <subfield code="a">acquire</subfield>
    <subfield code="b">1 shelf copy</subfield>
    <subfield code="x">policy default</subfield>
  </datafield>
  <datafield tag="955" ind1=" " ind2=" ">
    <subfield code="b">xk13 2019-08-08 ;</subfield>
    <subfield code="i">xk13 2019-08-08 (telework)  HOLD: to PTCP (SHED);</subfield>
    <subfield code="a">xn17 2019-08-29 1 copy rec&apos;d., to CIP ver.</subfield>
    <subfield code="f">xk25 2019-09-13 to BCCD</subfield>
    <subfield code="e">td14 2019-09-14 galley to Dewey</subfield>
    <subfield code="w">xm04 2019-09-20</subfield>
  </datafield>
  <datafield tag="010" ind1=" " ind2=" ">
    <subfield code="a">  2019025318</subfield>
  </datafield>
  <datafield tag="020" ind1=" " ind2=" ">
    <subfield code="a">9781476673837</subfield>
    <subfield code="q">(softcover ;</subfield>
    <subfield code="q">alk. paper)</subfield>
  </datafield>
  <datafield tag="020" ind1=" " ind2=" ">
    <subfield code="z">9781476637457</subfield>
    <subfield code="q">(ebook)</subfield>
  </datafield>
  <datafield tag="040" ind1=" " ind2=" ">
    <subfield code="a">DLC</subfield>
    <subfield code="b">eng</subfield>
    <subfield code="c">DLC</subfield>
    <subfield code="e">rda</subfield>
    <subfield code="d">DLC</subfield>
  </datafield>
  <datafield tag="042" ind1=" " ind2=" ">
    <subfield code="a">pcc</subfield>
  </datafield>
  <datafield tag="050" ind1="0" ind2="0">
    <subfield code="a">PN1992.4.W49</subfield>
    <subfield code="b">R63 2019</subfield>
  </datafield>
  <datafield tag="082" ind1="0" ind2="0">
    <subfield code="a">791.45/75</subfield>
    <subfield code="2">23</subfield>
  </datafield>
  <datafield tag="100" ind1="1" ind2=" ">
    <subfield code="a">Rocha, James,</subfield>
    <subfield code="d">1975-</subfield>
    <subfield code="e">author.</subfield>
  </datafield>
  <datafield tag="245" ind1="1" ind2="0">
    <subfield code="a">Joss Whedon, anarchist? :</subfield>
    <subfield code="b">a unified theory of the films and television series /</subfield>
    <subfield code="c">James Rocha and Mona Rocha.</subfield>
  </datafield>
  <datafield tag="264" ind1=" " ind2="1">
    <subfield code="a">Jefferson, North Carolina :</subfield>
    <subfield code="b">McFarland &amp; Company, Inc., Publishers,</subfield>
    <subfield code="c">2019.</subfield>
  </datafield>
  <datafield tag="300" ind1=" " ind2=" ">
    <subfield code="a">vii, 217 pages ;</subfield>
    <subfield code="c">23 cm</subfield>
  </datafield>
  <datafield tag="336" ind1=" " ind2=" ">
    <subfield code="a">text</subfield>
    <subfield code="b">txt</subfield>
    <subfield code="2">rdacontent</subfield>
  </datafield>
  <datafield tag="337" ind1=" " ind2=" ">
    <subfield code="a">unmediated</subfield>
    <subfield code="b">n</subfield>
    <subfield code="2">rdamedia</subfield>
  </datafield>
  <datafield tag="338" ind1=" " ind2=" ">
    <subfield code="a">volume</subfield>
    <subfield code="b">nc</subfield>
    <subfield code="2">rdacarrier</subfield>
  </datafield>
  <datafield tag="490" ind1="0" ind2=" ">
    <subfield code="a">Worlds of Whedon</subfield>
  </datafield>
  <datafield tag="520" ind1=" " ind2=" ">
    <subfield code="a">&quot;&quot;Joss Whedon has provided us with a plethora of TV shows, movies, and one sing-along-blog, all of which shed light on various societal problems through the metaphorical guise of weekly monsters and over-arching big bads. We learn about structural violence through Wolfram &amp; Hart&apos;s legal representation of evil; we learn the limits of consent through the Rossum Corporation&apos;s coercion and manipulation; we learn about the struggle to locate meaningful freedom from the crew of Serenity; we learn so much from these Whedon-tales. While it has heretofore been difficult to discover a single analytical thread that ties the multiple strings of the Whedonverse together, fortunately and perhaps surprisingly, anarchist theory weaves together many of the major themes that are highlighted in Whedon&apos;s oeuvre. All of Whedon&apos;s works show various groups of friends, who always unite under love for each other and love for humanity, to undermine hierarchy, whether it is represented by ubersucky vampires, paternalistically sexist watchers, irrepressible law firms, or evil corporations literally hell-bent on bringing about hell on Earth. An anarchist interpretation of Joss Whedon highlights how heroes can come together to act through the force of love to save the world from hierarchy. Again and again.&quot;-Provided by publisher&quot;--</subfield>
    <subfield code="c">Provided by publisher.</subfield>
  </datafield>
  <datafield tag="504" ind1=" " ind2=" ">
    <subfield code="a">Includes bibliographical references (pages 203-212) and index.</subfield>
  </datafield>
  <datafield tag="600" ind1="1" ind2="0">
    <subfield code="a">Whedon, Joss,</subfield>
    <subfield code="d">1964-</subfield>
    <subfield code="x">Criticism and interpretation.</subfield>
  </datafield>
  <datafield tag="650" ind1=" " ind2="0">
    <subfield code="a">Anarchism on television.</subfield>
  </datafield>
  <datafield tag="650" ind1=" " ind2="0">
    <subfield code="a">Anarchism in motion pictures.</subfield>
  </datafield>
  <datafield tag="700" ind1="1" ind2=" ">
    <subfield code="a">Rocha, Mona,</subfield>
    <subfield code="d">1977-</subfield>
    <subfield code="e">author.</subfield>
  </datafield>
</record>