
<record>
  <leader>04384cam a2200397 i 4500</leader>
  <controlfield tag="001">21131557</controlfield>
  <controlfield tag="005">20200102132336.0</controlfield>
  <controlfield tag="008">190806s2019    ne a     b    101 0 eng c</controlfield>
  <datafield tag="906" ind1=" " ind2=" ">
    <subfield code="a">7</subfield>
    <subfield code="b">cbc</subfield>
    <subfield code="c">orignew</subfield>
    <subfield code="d">1</subfield>
    <subfield code="e">ecip</subfield>
    <subfield code="f">20</subfield>
    <subfield code="g">y-gencatlg</subfield>
  </datafield>
  <datafield tag="925" ind1="0" ind2=" ">
    <subfield code="a">acquire</subfield>
    <subfield code="b">1 shelf copy</subfield>
    <subfield code="x">policy default</subfield>
  </datafield>
  <datafield tag="955" ind1=" " ind2=" ">
    <subfield code="b">rf07 2019-08-06</subfield>
    <subfield code="e">rf07 2019-08-13 (telework) to Dewey</subfield>
    <subfield code="w">xm06 2019-08-15</subfield>
    <subfield code="a">xn11 2019-10-23 1 copy rec&apos;d., to CIP ver.</subfield>
    <subfield code="f">rf06 2019-11-01 (telework) to CALM</subfield>
    <subfield code="s">rf13 2020-01-02 c. 2 to Discard 00501727374</subfield>
  </datafield>
  <datafield tag="010" ind1=" " ind2=" ">
    <subfield code="a">  2019023132</subfield>
  </datafield>
  <datafield tag="020" ind1=" " ind2=" ">
    <subfield code="a">9789004401914</subfield>
    <subfield code="q">(hardback)</subfield>
  </datafield>
  <datafield tag="020" ind1=" " ind2=" ">
    <subfield code="z">9789004401921</subfield>
    <subfield code="q">(ebook)</subfield>
  </datafield>
  <datafield tag="040" ind1=" " ind2=" ">
    <subfield code="a">LBSOR/DLC</subfield>
    <subfield code="b">eng</subfield>
    <subfield code="c">DLC</subfield>
    <subfield code="e">rda</subfield>
    <subfield code="d">DLC</subfield>
  </datafield>
  <datafield tag="042" ind1=" " ind2=" ">
    <subfield code="a">pcc</subfield>
  </datafield>
  <datafield tag="043" ind1=" " ind2=" ">
    <subfield code="a">e------</subfield>
  </datafield>
  <datafield tag="050" ind1="0" ind2="0">
    <subfield code="a">D258</subfield>
    <subfield code="b">.R48 2019</subfield>
  </datafield>
  <datafield tag="082" ind1="0" ind2="0">
    <subfield code="a">940.2/4</subfield>
    <subfield code="2">23</subfield>
  </datafield>
  <datafield tag="245" ind1="0" ind2="0">
    <subfield code="a">Rethinking Europe :</subfield>
    <subfield code="b">war and peace in the early modern German lands /</subfield>
    <subfield code="c">edited by Gerhild Scholz Williams, Sigrun Haude, Christian Schneider.</subfield>
  </datafield>
  <datafield tag="264" ind1=" " ind2="1">
    <subfield code="a">Leiden ;</subfield>
    <subfield code="a">Boston :</subfield>
    <subfield code="b">Brill/Rodopi,</subfield>
    <subfield code="c">[2019]</subfield>
  </datafield>
  <datafield tag="300" ind1=" " ind2=" ">
    <subfield code="a">xv, 360 pages :</subfield>
    <subfield code="b">illustrations ;</subfield>
    <subfield code="c">25 cm.</subfield>
  </datafield>
  <datafield tag="336" ind1=" " ind2=" ">
    <subfield code="a">text</subfield>
    <subfield code="b">txt</subfield>
    <subfield code="2">rdacontent</subfield>
  </datafield>
  <datafield tag="337" ind1=" " ind2=" ">
    <subfield code="a">unmediated</subfield>
    <subfield code="b">n</subfield>
    <subfield code="2">rdamedia</subfield>
  </datafield>
  <datafield tag="338" ind1=" " ind2=" ">
    <subfield code="a">volume</subfield>
    <subfield code="b">nc</subfield>
    <subfield code="2">rdacarrier</subfield>
  </datafield>
  <datafield tag="490" ind1="0" ind2=" ">
    <subfield code="a">Chloe, Beihefte zum Daphnis,</subfield>
    <subfield code="x">0168-9878 ;</subfield>
    <subfield code="v">volume 48</subfield>
  </datafield>
  <datafield tag="504" ind1=" " ind2=" ">
    <subfield code="a">Includes bibliographical references and index.</subfield>
  </datafield>
  <datafield tag="505" ind1="0" ind2=" ">
    <subfield code="a">Introduction: Rethinking Europe : war and peace in the early modern German lands / Sigrun Haude -- Bravado, martial magic, and masculine performance in early modern Germany / B. Ann Tlusty -- Discussion of the just war in the Lutheran funeral sermons of the seventeenth century / Cornelia Niekus Moore -- A paper victory column (1664/1675) : female authorship, devotional memory, and religious community / Lynne Tatlock -- Event and emplotment : &quot;narrativizing&quot; the Battle of Ltzen / Nicolas Detering -- Seeking peace, finding war : supplication and negotiation in Electoral Brandenburg during the Thirty Years&apos; War / Evan B. Johnson -- Negotiating the Thirty Years&apos; War : Anna Sophia of Braunschweig-Lneburg (1598-1659) and her survival strategies / Jill Bepler -- Artful negotiator : Peter Paul Rubens&apos; intervention in the cause of Catholic Bavaria / Susan Maxwell -- &quot;Make peace, not war&quot; : an anti-propaganda triumph in Johannes Sambucus&apos; Arcus aliquot triumphales et monumenta / Tamar Cholcman -- Stopping an Ottoman spy in late sixteenth-century Istanbul : David Ungnad, Markus Penckner, and Austrian-Habsburg intelligence in the Ottoman capital / Tobias P. Graf -- &quot;The imminent danger of the Turks&quot; : Ottoman expansion, Hungarian revolt, and Habsburg fear of war (1670-1672) / Georg B. Michels -- Conflict and coexistence : the case of early modern Upper Lusatia / Martin Christ -- Dynastic dislocation in the Thirty Years&apos; War : Lutheran Knigsberg as refuge for the Calvinist Houses of Hohenzollern and Wittelsbach / Sara Smart -- Spoils of knowledge : looted books in Uppsala University Library during the seventeenth century / Emma Hagstrm Molin -- Musicalische Friedens-Freud : the Westphalian peace and music in Protestant Nuremberg / Alexander J. Fisher -- Picturing peace: Johann Vogel&apos;s emblematical meditations on peace, Nrnberg 1649 / Mara R. Wade -- State (de-)formation in practice : Bohemian fiscal-financial arrangements during the War of the Spanish Succession / Stephan Sander-Faes -- Space, peace, and conflict in post-Thirty Years&apos; War villages / Marc R. Forster.</subfield>
  </datafield>
  <datafield tag="520" ind1=" " ind2=" ">
    <subfield code="a">&quot;The Thirty Years&apos; War (1618-1648) lies at the intersection of early modern and modern times. Frequently portrayed as the concluding chapter of the Reformation, it also points to the future by precipitating fundamental changes in the military, legal, political, religious, economic, and cultural arenas that came to mark a new modern era. Prompted by the 400th anniversary of the outbreak of the war, the contributors reconsider the event itself and contextualize it within the broader history of the Reformation, military conflicts, peace initiatives, and negotiations of war&quot;--</subfield>
    <subfield code="c">Provided by publisher.</subfield>
  </datafield>
  <datafield tag="650" ind1=" " ind2="0">
    <subfield code="a">Thirty Years&apos; War, 1618-1648.</subfield>
  </datafield>
  <datafield tag="651" ind1=" " ind2="0">
    <subfield code="a">Europe</subfield>
    <subfield code="x">History</subfield>
    <subfield code="y">1517-1648.</subfield>
  </datafield>
  <datafield tag="700" ind1="1" ind2=" ">
    <subfield code="a">Scholz Williams, Gerhild,</subfield>
    <subfield code="d">1942-</subfield>
    <subfield code="e">editor.</subfield>
  </datafield>
  <datafield tag="700" ind1="1" ind2=" ">
    <subfield code="a">Haude, Sigrun,</subfield>
    <subfield code="d">1959-</subfield>
    <subfield code="e">editor.</subfield>
  </datafield>
  <datafield tag="700" ind1="1" ind2=" ">
    <subfield code="a">Schneider, Christian,</subfield>
    <subfield code="d">1974-</subfield>
    <subfield code="e">editor.</subfield>
  </datafield>
  <datafield tag="776" ind1="0" ind2="8">
    <subfield code="i">Online version:</subfield>
    <subfield code="t">Rethinking Europe</subfield>
    <subfield code="d">Leiden ; Boston : Brill/Rodopi, [2019]</subfield>
    <subfield code="z">9789004401921</subfield>
    <subfield code="w">(DLC)  2019023133</subfield>
  </datafield>
  <datafield tag="985" ind1=" " ind2=" ">
    <subfield code="a">LBSORCIP</subfield>
    <subfield code="d">2019-08-13</subfield>
  </datafield>
</record>