
<record>
  <leader>03659cjm a2200769 i 4500</leader>
  <controlfield tag="001">21134859</controlfield>
  <controlfield tag="005">20200102172534.0</controlfield>
  <controlfield tag="007">sd fsngnnmmned</controlfield>
  <controlfield tag="008">190815p20182017ne mun|  efi      | zxx d</controlfield>
  <datafield tag="906" ind1=" " ind2=" ">
    <subfield code="a">7</subfield>
    <subfield code="b">cbc</subfield>
    <subfield code="c">copycat</subfield>
    <subfield code="d">2</subfield>
    <subfield code="e">ncip</subfield>
    <subfield code="f">20</subfield>
    <subfield code="g">y-soundrec</subfield>
  </datafield>
  <datafield tag="925" ind1="0" ind2=" ">
    <subfield code="a">acquire</subfield>
    <subfield code="b">2 shelf copies</subfield>
    <subfield code="x">policy default</subfield>
  </datafield>
  <datafield tag="955" ind1=" " ind2=" ">
    <subfield code="a">qr12 2019-08-15 z-client</subfield>
    <subfield code="i">qr12 2019-08-15</subfield>
  </datafield>
  <datafield tag="010" ind1=" " ind2=" ">
    <subfield code="a">  2019624136</subfield>
  </datafield>
  <datafield tag="024" ind1="3" ind2="0">
    <subfield code="a">4015023243507</subfield>
  </datafield>
  <datafield tag="028" ind1="0" ind2="2">
    <subfield code="a">24350</subfield>
    <subfield code="b">Accent</subfield>
  </datafield>
  <datafield tag="028" ind1="0" ind2="2">
    <subfield code="a">ACC 24350</subfield>
    <subfield code="b">Accent</subfield>
  </datafield>
  <datafield tag="035" ind1=" " ind2=" ">
    <subfield code="a">(OCoLC)on1057699032</subfield>
  </datafield>
  <datafield tag="040" ind1=" " ind2=" ">
    <subfield code="a">TDF</subfield>
    <subfield code="b">eng</subfield>
    <subfield code="e">rda</subfield>
    <subfield code="c">TDF</subfield>
    <subfield code="d">OCLCO</subfield>
    <subfield code="d">OCLCQ</subfield>
    <subfield code="d">ZCU</subfield>
    <subfield code="d">OCLCO</subfield>
    <subfield code="d">OCLCF</subfield>
    <subfield code="d">DLC</subfield>
  </datafield>
  <datafield tag="041" ind1="0" ind2=" ">
    <subfield code="g">eng</subfield>
    <subfield code="g">fre</subfield>
    <subfield code="g">ger</subfield>
  </datafield>
  <datafield tag="042" ind1=" " ind2=" ">
    <subfield code="a">lccopycat</subfield>
  </datafield>
  <datafield tag="047" ind1=" " ind2=" ">
    <subfield code="a">ov</subfield>
    <subfield code="a">co</subfield>
    <subfield code="a">su</subfield>
  </datafield>
  <datafield tag="050" ind1="0" ind2="0">
    <subfield code="a">SDD 25432</subfield>
  </datafield>
  <datafield tag="100" ind1="1" ind2=" ">
    <subfield code="a">Graupner, Christoph,</subfield>
    <subfield code="d">1683-1760,</subfield>
    <subfield code="e">composer.</subfield>
  </datafield>
  <datafield tag="240" ind1="1" ind2="0">
    <subfield code="a">Instrumental music.</subfield>
    <subfield code="k">Selections</subfield>
  </datafield>
  <datafield tag="245" ind1="1" ind2="0">
    <subfield code="a">Concertos et Ouvertures /</subfield>
    <subfield code="c">Christoph Graupner</subfield>
  </datafield>
  <datafield tag="264" ind1=" " ind2="1">
    <subfield code="a">Netherlands :</subfield>
    <subfield code="b">Accent,</subfield>
    <subfield code="c">[2018]</subfield>
  </datafield>
  <datafield tag="264" ind1=" " ind2="4">
    <subfield code="c">2018,</subfield>
    <subfield code="c">2018</subfield>
  </datafield>
  <datafield tag="300" ind1=" " ind2=" ">
    <subfield code="a">1 audio disc (73 min., 27 sec.) :</subfield>
    <subfield code="b">CD audio ;</subfield>
    <subfield code="c">4 3/4 in.</subfield>
  </datafield>
  <datafield tag="306" ind1=" " ind2=" ">
    <subfield code="a">007327</subfield>
  </datafield>
  <datafield tag="336" ind1=" " ind2=" ">
    <subfield code="a">performed music</subfield>
    <subfield code="b">prm</subfield>
    <subfield code="2">rdacontent</subfield>
  </datafield>
  <datafield tag="337" ind1=" " ind2=" ">
    <subfield code="a">audio</subfield>
    <subfield code="b">s</subfield>
    <subfield code="2">rdamedia</subfield>
  </datafield>
  <datafield tag="338" ind1=" " ind2=" ">
    <subfield code="a">audio disc</subfield>
    <subfield code="b">sd</subfield>
    <subfield code="2">rdacarrier</subfield>
  </datafield>
  <datafield tag="344" ind1=" " ind2=" ">
    <subfield code="a">digital</subfield>
    <subfield code="2">rdatr</subfield>
  </datafield>
  <datafield tag="344" ind1=" " ind2=" ">
    <subfield code="c">1.4 m/s</subfield>
  </datafield>
  <datafield tag="347" ind1=" " ind2=" ">
    <subfield code="a">audio file</subfield>
    <subfield code="2">rdaft</subfield>
  </datafield>
  <datafield tag="347" ind1=" " ind2=" ">
    <subfield code="b">CD audio</subfield>
  </datafield>
  <datafield tag="382" ind1="0" ind2="1">
    <subfield code="a">orchestra</subfield>
    <subfield code="n">1</subfield>
    <subfield code="2">lcmpt</subfield>
  </datafield>
  <datafield tag="382" ind1="0" ind2="1">
    <subfield code="b">oboe</subfield>
    <subfield code="n">2</subfield>
    <subfield code="a">string orchestra</subfield>
    <subfield code="n">1</subfield>
    <subfield code="2">lcmpt</subfield>
  </datafield>
  <datafield tag="382" ind1="0" ind2="1">
    <subfield code="b">trumpet</subfield>
    <subfield code="n">2</subfield>
    <subfield code="a">string orchestra</subfield>
    <subfield code="n">1</subfield>
    <subfield code="2">lcmpt</subfield>
  </datafield>
  <datafield tag="500" ind1=" " ind2=" ">
    <subfield code="a">Title from disc label</subfield>
  </datafield>
  <datafield tag="511" ind1="0" ind2=" ">
    <subfield code="a">L&apos; Arpa Festante ; Rien Voskuilen, harpsichord, conductor</subfield>
  </datafield>
  <datafield tag="518" ind1=" " ind2=" ">
    <subfield code="o">Recorded</subfield>
    <subfield code="d">2017 September 6-8</subfield>
    <subfield code="p">Martinskirche Mllheim, Germany</subfield>
  </datafield>
  <datafield tag="500" ind1=" " ind2=" ">
    <subfield code="a">Program notes in English, French, and German (18 pages) inserted in container</subfield>
  </datafield>
  <datafield tag="500" ind1=" " ind2=" ">
    <subfield code="a">The container incorrectly states the thematic catalog number of the 1st work as GWV 322; it should read GWV 478</subfield>
  </datafield>
  <datafield tag="505" ind1="0" ind2=" ">
    <subfield code="a">Ouverture suite in A minor, GWV 322 [i.e. 478] : for transverse flute, strings et basso continuo (30:30) -- Concerto in B flat major, GWV 342 : for 2 oboes, strings et basso continuo (11:09) -- Ouverture suite in G minor, GWV 470 : for 2 transverse flutes, strings et basso continuo (24:25) -- Concerto in D major, GWV 318 : for 2 trumpets, timpani, strings et basso continuo (7:23)</subfield>
  </datafield>
  <datafield tag="650" ind1=" " ind2="0">
    <subfield code="a">Concertos (Flutes (2) with string orchestra)</subfield>
  </datafield>
  <datafield tag="650" ind1=" " ind2="0">
    <subfield code="a">Concertos (Oboes (2) with string orchestra)</subfield>
  </datafield>
  <datafield tag="650" ind1=" " ind2="0">
    <subfield code="a">Suites (Orchestra)</subfield>
  </datafield>
  <datafield tag="650" ind1=" " ind2="0">
    <subfield code="a">Overtures.</subfield>
  </datafield>
  <datafield tag="650" ind1=" " ind2="0">
    <subfield code="a">Concertos (Trumpets (2))</subfield>
  </datafield>
  <datafield tag="650" ind1=" " ind2="7">
    <subfield code="a">Concertos (Flutes (2) with string orchestra)</subfield>
    <subfield code="2">fast</subfield>
    <subfield code="0">(OCoLC)fst00873355</subfield>
  </datafield>
  <datafield tag="650" ind1=" " ind2="7">
    <subfield code="a">Concertos (Oboes (2) with string orchestra)</subfield>
    <subfield code="2">fast</subfield>
    <subfield code="0">(OCoLC)fst00873580</subfield>
  </datafield>
  <datafield tag="650" ind1=" " ind2="7">
    <subfield code="a">Concertos (Trumpets (2))</subfield>
    <subfield code="2">fast</subfield>
    <subfield code="0">(OCoLC)fst00873874</subfield>
  </datafield>
  <datafield tag="650" ind1=" " ind2="7">
    <subfield code="a">Overtures.</subfield>
    <subfield code="2">fast</subfield>
    <subfield code="0">(OCoLC)fst01049384</subfield>
  </datafield>
  <datafield tag="650" ind1=" " ind2="7">
    <subfield code="a">Suites (Orchestra)</subfield>
    <subfield code="2">fast</subfield>
    <subfield code="0">(OCoLC)fst01137923</subfield>
  </datafield>
  <datafield tag="655" ind1=" " ind2="7">
    <subfield code="a">Concertos.</subfield>
    <subfield code="2">fast</subfield>
    <subfield code="0">(OCoLC)fst01726450</subfield>
  </datafield>
  <datafield tag="655" ind1=" " ind2="7">
    <subfield code="a">Overtures.</subfield>
    <subfield code="2">fast</subfield>
    <subfield code="0">(OCoLC)fst01726472</subfield>
  </datafield>
  <datafield tag="655" ind1=" " ind2="7">
    <subfield code="a">Suites.</subfield>
    <subfield code="2">fast</subfield>
    <subfield code="0">(OCoLC)fst01726502</subfield>
  </datafield>
  <datafield tag="655" ind1=" " ind2="7">
    <subfield code="a">Concertos.</subfield>
    <subfield code="2">lcgft</subfield>
  </datafield>
  <datafield tag="655" ind1=" " ind2="7">
    <subfield code="a">Suites.</subfield>
    <subfield code="2">lcgft</subfield>
  </datafield>
  <datafield tag="655" ind1=" " ind2="7">
    <subfield code="a">Overtures.</subfield>
    <subfield code="2">lcgft</subfield>
  </datafield>
  <datafield tag="700" ind1="1" ind2=" ">
    <subfield code="a">Voskuilen, Rien,</subfield>
    <subfield code="e">conductor,</subfield>
    <subfield code="e">instrumentalist.</subfield>
  </datafield>
  <datafield tag="700" ind1="1" ind2="2">
    <subfield code="i">Container of (work):</subfield>
    <subfield code="a">Graupner, Christoph,</subfield>
    <subfield code="d">1683-1760.</subfield>
    <subfield code="t">Overtures,</subfield>
    <subfield code="n">GWV 478,</subfield>
    <subfield code="r">A minor.</subfield>
  </datafield>
  <datafield tag="700" ind1="1" ind2="2">
    <subfield code="i">Container of (work):</subfield>
    <subfield code="a">Graupner, Christoph,</subfield>
    <subfield code="d">1683-1760.</subfield>
    <subfield code="t">Concertos,</subfield>
    <subfield code="m">oboes (2), string orchestra,</subfield>
    <subfield code="n">GWV 342,</subfield>
    <subfield code="r">B major.</subfield>
  </datafield>
  <datafield tag="700" ind1="1" ind2="2">
    <subfield code="i">Container of (work):</subfield>
    <subfield code="a">Graupner, Christoph,</subfield>
    <subfield code="d">1683-1760.</subfield>
    <subfield code="t">Overtures,</subfield>
    <subfield code="n">GWV 470,</subfield>
    <subfield code="r">G minor.</subfield>
  </datafield>
  <datafield tag="700" ind1="1" ind2="2">
    <subfield code="i">Container of (work):</subfield>
    <subfield code="a">Graupner, Christoph,</subfield>
    <subfield code="d">1683-1760.</subfield>
    <subfield code="t">Concertos,</subfield>
    <subfield code="m">trumpets (2), timpani, string orchestra,</subfield>
    <subfield code="n">GWV 318,</subfield>
    <subfield code="r">D major.</subfield>
  </datafield>
  <datafield tag="710" ind1="2" ind2=" ">
    <subfield code="a">Arpa festante (Musical group),</subfield>
    <subfield code="e">instrumentalist.</subfield>
  </datafield>
</record>