
<record>
  <leader>03478cam a2200469 i 4500</leader>
  <controlfield tag="001">21139144</controlfield>
  <controlfield tag="005">20200102112325.0</controlfield>
  <controlfield tag="008">190813s2018    gw       b    000 0cger d</controlfield>
  <datafield tag="906" ind1=" " ind2=" ">
    <subfield code="a">7</subfield>
    <subfield code="b">cbc</subfield>
    <subfield code="c">copycat</subfield>
    <subfield code="d">2</subfield>
    <subfield code="e">ncip</subfield>
    <subfield code="f">20</subfield>
    <subfield code="g">y-gencatlg</subfield>
  </datafield>
  <datafield tag="925" ind1="0" ind2=" ">
    <subfield code="a">acquire</subfield>
    <subfield code="b">1 shelf copy</subfield>
    <subfield code="x">policy default</subfield>
  </datafield>
  <datafield tag="955" ind1=" " ind2=" ">
    <subfield code="a">vk39 2019-12-11 z-client</subfield>
    <subfield code="i">vk39 2019-12-11</subfield>
    <subfield code="e">vk39 2019-12-12 c.1 to Music Division</subfield>
    <subfield code="e">vl39 2020-01-02 to BCCD c.1</subfield>
  </datafield>
  <datafield tag="955" ind1=" " ind2=" ">
    <subfield code="a">vl34 2019-10-07 z-client</subfield>
    <subfield code="b">vl34 2019-10-07</subfield>
  </datafield>
  <datafield tag="955" ind1=" " ind2=" ">
    <subfield code="a">ve21 2019-09-16</subfield>
    <subfield code="a">fd10 2019-09-03</subfield>
  </datafield>
  <datafield tag="010" ind1=" " ind2=" ">
    <subfield code="a">  2019435438</subfield>
  </datafield>
  <datafield tag="020" ind1=" " ind2=" ">
    <subfield code="a">9783863060022</subfield>
    <subfield code="q">(paperback)</subfield>
  </datafield>
  <datafield tag="020" ind1=" " ind2=" ">
    <subfield code="a">3863060024</subfield>
  </datafield>
  <datafield tag="020" ind1=" " ind2=" ">
    <subfield code="z">9783960915324</subfield>
    <subfield code="q">(ePDF)</subfield>
  </datafield>
  <datafield tag="020" ind1=" " ind2=" ">
    <subfield code="z">3960915322</subfield>
    <subfield code="q">(ePDF)</subfield>
  </datafield>
  <datafield tag="035" ind1=" " ind2=" ">
    <subfield code="a">(OCoLC)on1090683287</subfield>
  </datafield>
  <datafield tag="035" ind1=" " ind2=" ">
    <subfield code="a">(OCoLC)1090683287</subfield>
  </datafield>
  <datafield tag="040" ind1=" " ind2=" ">
    <subfield code="a">ERASA</subfield>
    <subfield code="b">eng</subfield>
    <subfield code="e">rda</subfield>
    <subfield code="c">ERASA</subfield>
    <subfield code="d">QGE</subfield>
    <subfield code="d">OHX</subfield>
    <subfield code="d">YUS</subfield>
    <subfield code="d">OCLCO</subfield>
    <subfield code="d">HMU</subfield>
    <subfield code="d">OCLCF</subfield>
    <subfield code="d">DLC</subfield>
  </datafield>
  <datafield tag="042" ind1=" " ind2=" ">
    <subfield code="a">lccopycat</subfield>
  </datafield>
  <datafield tag="043" ind1=" " ind2=" ">
    <subfield code="a">e-au---</subfield>
  </datafield>
  <datafield tag="050" ind1="0" ind2="0">
    <subfield code="a">ML390</subfield>
    <subfield code="b">.K7775 2018</subfield>
  </datafield>
  <datafield tag="082" ind1="0" ind2="4">
    <subfield code="a">940.2</subfield>
  </datafield>
  <datafield tag="100" ind1="1" ind2=" ">
    <subfield code="a">Korntner, Beate,</subfield>
    <subfield code="e">author.</subfield>
  </datafield>
  <datafield tag="245" ind1="1" ind2="0">
    <subfield code="a">Frauen als Komponistinnen im Umfeld Mozarts :</subfield>
    <subfield code="b">mit einem besonderen Augenmerk auf Maria Theresia Paradis /</subfield>
    <subfield code="c">Beate Korntner.</subfield>
  </datafield>
  <datafield tag="264" ind1=" " ind2="1">
    <subfield code="a">Mnchen :</subfield>
    <subfield code="b">AVM Press,</subfield>
    <subfield code="c">2018.</subfield>
  </datafield>
  <datafield tag="300" ind1=" " ind2=" ">
    <subfield code="a">86 pages ;</subfield>
    <subfield code="c">21 cm</subfield>
  </datafield>
  <datafield tag="336" ind1=" " ind2=" ">
    <subfield code="a">text</subfield>
    <subfield code="b">txt</subfield>
    <subfield code="2">rdacontent</subfield>
  </datafield>
  <datafield tag="337" ind1=" " ind2=" ">
    <subfield code="a">unmediated</subfield>
    <subfield code="b">n</subfield>
    <subfield code="2">rdamedia</subfield>
  </datafield>
  <datafield tag="338" ind1=" " ind2=" ">
    <subfield code="a">volume</subfield>
    <subfield code="b">nc</subfield>
    <subfield code="2">rdacarrier</subfield>
  </datafield>
  <datafield tag="504" ind1=" " ind2=" ">
    <subfield code="a">Includes bibliographical references (pages 71-75).</subfield>
  </datafield>
  <datafield tag="520" ind1="8" ind2=" ">
    <subfield code="a">Auch wenn ihre Namen fast vergessen sind, so lieferten die Komponistinnen zur Zeit Mozarts einen wesentlichen Beitrag zum Kultur- und Musikleben. Als wichtigste Vertreterinnen gelten Maria Theresia Paradis, Marianne Martines, Josepha Auernhammer, Nanette Streicher, Franziska Lebrun-Danzi, Babette Ployer aber auch Mozarts Schwester Nannerl. Viele ihrer Werke sind nicht erhalten und die wenigen bekannten wurden zum Teil jahrelang mnnlichen Komponisten zugeschrieben. Als Musikerin und ganz besonders als Komponistin ttig zu sein war schwierig. Nicht umsonst meint Maria Theresia Paradis: &quot;Wrden es mir die mnnlichen Kunstgenossen verzeihn wenn ich als Frauenzimmer--und sogar als gesichtsloses Frauenzimmer, es wagte, mich mit ihnen zu messen?&quot; Es war nicht leicht, sich zu behaupten und dennoch fanden die Komponistinnen in der ffentlichkeit Beachtung und konnten auf viele Erfolge verweisen. Der Frage, inwieweit es zur Zeit Mozarts als Frau mglich war neben den mnnlichen Kollegen zu bestehen, mchte dieses Buch nachgehen.</subfield>
  </datafield>
  <datafield tag="505" ind1="0" ind2=" ">
    <subfield code="a">Die Frau in 18. Jahrhundert -- Frauen als Komponistinnen im Unfeld W.A. Mozarts. Nannerl, als Schwester im Schatten des grossen Komponisten (1751-1829) ; Komponistionsschlerinnen von Mozart : die Tochter des Comte de Guines, Josepha Auernhammer und Babette Ployer (?) ; Komponieren als Zeitvertreb fr Frauen in besonderen Berufe ; Nannette Streicher, ne Stein, die Klavierbauerin (1769-1833) ; Franziska Danzi-Lebrun, die Sngerin (1756-1791) ; Komponieren als Beruf(ung) ; Josepha Auernhammer, Mozarts Schlerin (1758-1820) ; Marianna Martines (1744-1812) ; Maria Theresia Paradis (1759-1824), blinde Pianistin, Komponistin und Lehrerin -- Conclusio.</subfield>
  </datafield>
  <datafield tag="650" ind1=" " ind2="0">
    <subfield code="a">Women composers</subfield>
    <subfield code="z">Austria</subfield>
    <subfield code="y">17th century</subfield>
    <subfield code="v">Biography.</subfield>
  </datafield>
  <datafield tag="650" ind1=" " ind2="0">
    <subfield code="a">Women composers</subfield>
    <subfield code="z">Austria</subfield>
    <subfield code="y">18th century</subfield>
    <subfield code="v">Biography.</subfield>
  </datafield>
  <datafield tag="650" ind1=" " ind2="0">
    <subfield code="a">Composers</subfield>
    <subfield code="z">Austria</subfield>
    <subfield code="y">17th century</subfield>
    <subfield code="v">Biography.</subfield>
  </datafield>
  <datafield tag="650" ind1=" " ind2="0">
    <subfield code="a">Composers</subfield>
    <subfield code="z">Austria</subfield>
    <subfield code="y">18th century</subfield>
    <subfield code="v">Biography.</subfield>
  </datafield>
  <datafield tag="600" ind1="1" ind2="0">
    <subfield code="a">Paradis, Maria Theresia von,</subfield>
    <subfield code="d">1759-1824.</subfield>
  </datafield>
  <datafield tag="923" ind1=" " ind2=" ">
    <subfield code="d">20190807</subfield>
    <subfield code="n">0207102</subfield>
    <subfield code="s">GyWOH</subfield>
  </datafield>
  <datafield tag="985" ind1=" " ind2=" ">
    <subfield code="e">VENDOR LOAD</subfield>
  </datafield>
</record>