
<record>
  <leader>03304cam a22003858i 4500</leader>
  <controlfield tag="001">21148554</controlfield>
  <controlfield tag="005">20200102174229.0</controlfield>
  <controlfield tag="008">190823s2020    pau      b    001 0 eng  </controlfield>
  <datafield tag="906" ind1=" " ind2=" ">
    <subfield code="a">7</subfield>
    <subfield code="b">cbc</subfield>
    <subfield code="c">orignew</subfield>
    <subfield code="d">1</subfield>
    <subfield code="e">ecip</subfield>
    <subfield code="f">20</subfield>
    <subfield code="g">y-gencatlg</subfield>
  </datafield>
  <datafield tag="925" ind1="0" ind2=" ">
    <subfield code="a">acquire</subfield>
    <subfield code="b">1 shelf copy</subfield>
    <subfield code="x">policy default</subfield>
  </datafield>
  <datafield tag="955" ind1=" " ind2=" ">
    <subfield code="b">re23 2019-08-23</subfield>
    <subfield code="i">re23 2019-08-23 to Dewey</subfield>
    <subfield code="w">re09 2019-09-06 to CIP</subfield>
    <subfield code="a">xn17 2019-12-04 1 copy rec&apos;d., to CIP ver.</subfield>
    <subfield code="f">re24 2019-12-12 to CALM</subfield>
  </datafield>
  <datafield tag="010" ind1=" " ind2=" ">
    <subfield code="a">  2019025556</subfield>
  </datafield>
  <datafield tag="020" ind1=" " ind2=" ">
    <subfield code="a">9781799811732</subfield>
    <subfield code="q">(hardcover)</subfield>
  </datafield>
  <datafield tag="020" ind1=" " ind2=" ">
    <subfield code="a">9781799811749</subfield>
    <subfield code="q">(paperback)</subfield>
  </datafield>
  <datafield tag="020" ind1=" " ind2=" ">
    <subfield code="z">9781799811756</subfield>
    <subfield code="q">(ebook)</subfield>
  </datafield>
  <datafield tag="040" ind1=" " ind2=" ">
    <subfield code="a">DLC</subfield>
    <subfield code="b">eng</subfield>
    <subfield code="c">DLC</subfield>
    <subfield code="e">rda</subfield>
    <subfield code="d">DLC</subfield>
  </datafield>
  <datafield tag="042" ind1=" " ind2=" ">
    <subfield code="a">pcc</subfield>
  </datafield>
  <datafield tag="050" ind1="0" ind2="0">
    <subfield code="a">LB1028.3</subfield>
    <subfield code="b">.A35525 2020</subfield>
  </datafield>
  <datafield tag="082" ind1="0" ind2="0">
    <subfield code="a">370.21</subfield>
    <subfield code="2">23</subfield>
  </datafield>
  <datafield tag="245" ind1="0" ind2="0">
    <subfield code="a">Advancing educational research with emerging technology /</subfield>
    <subfield code="c">[edited by] Eugene Kennedy, Yufeng Qian.</subfield>
  </datafield>
  <datafield tag="264" ind1=" " ind2="1">
    <subfield code="a">Hershey, PA :</subfield>
    <subfield code="b">Information Science Reference,</subfield>
    <subfield code="c">[2020]</subfield>
  </datafield>
  <datafield tag="300" ind1=" " ind2=" ">
    <subfield code="a">xv, 315 pages  ;</subfield>
    <subfield code="c">29 cm</subfield>
  </datafield>
  <datafield tag="336" ind1=" " ind2=" ">
    <subfield code="a">text</subfield>
    <subfield code="b">txt</subfield>
    <subfield code="2">rdacontent</subfield>
  </datafield>
  <datafield tag="337" ind1=" " ind2=" ">
    <subfield code="a">unmediated</subfield>
    <subfield code="b">n</subfield>
    <subfield code="2">rdamedia</subfield>
  </datafield>
  <datafield tag="338" ind1=" " ind2=" ">
    <subfield code="a">volume</subfield>
    <subfield code="b">nc</subfield>
    <subfield code="2">rdacarrier</subfield>
  </datafield>
  <datafield tag="490" ind1="0" ind2=" ">
    <subfield code="a">Advances in educational technologies and instructional design (AETID) book series</subfield>
  </datafield>
  <datafield tag="504" ind1=" " ind2=" ">
    <subfield code="a">Includes bibliographical references (pages 274-308) and index.</subfield>
  </datafield>
  <datafield tag="505" ind1="0" ind2=" ">
    <subfield code="a">Data collection / Erkan Tekinarslan, Melih Grer, Sedat Akayoglu -- An introduction of social media-based data collection &amp; analysis with emerging technology / Liuli Huang -- Researching mobile learning : understanding the relationship between m-learning and mobile HCI / Eric Seneca -- Eye tracking : implications for early intervention and individualized learning / Tiffanye McCoy-Thomas -- Applying critical theories to social media mining and analysis : #WokeAcademy / Sacha Sharp -- Amplifying participant voices through text mining / Jonathan Lewis -- Advancing research in game-based learning assessment : tools and methods for measuring implicit learning / Jodi Asbell-Clarke, Elizabeth Rowe, Erin Bardar, Ma. Victoria Almeda, Ryan Baker, Richard Scruggs, Santiago Gasca -- Technology and its role in assisting educational leaders : principles using technolog / Leslie Jones -- Using geographic information systems in educational research : a beginner&apos;s exercise / Elizabeth Gilblom, Hilla Sang -- Linguistic analysis of science teachers&apos; narratives using AntConc software / Yulia Muchnik-Rozanov, DIna Tsybulsky -- Internet-enabled experience sampling : innovations in signaling and data sources / Karen Arnold, Kathy Rohn -- Data visualization in Web-based research or online research / Xue Wen, Xuan Wang.</subfield>
  </datafield>
  <datafield tag="520" ind1=" " ind2=" ">
    <subfield code="a">&quot;&quot;This book explores the theoretical, methodological, and ethical dimensions of doing research in the digital world. It also examines the trends, best practices, challenges, and future directions identified by practitioners and researchers in every phase of the research process&quot;--Provided by publisher&quot;--</subfield>
    <subfield code="c">Provided by publisher.</subfield>
  </datafield>
  <datafield tag="650" ind1=" " ind2="0">
    <subfield code="a">Education</subfield>
    <subfield code="x">Research</subfield>
    <subfield code="x">Technological innovations.</subfield>
  </datafield>
  <datafield tag="650" ind1=" " ind2="0">
    <subfield code="a">Education</subfield>
    <subfield code="x">Reseach</subfield>
    <subfield code="x">Methodology.</subfield>
  </datafield>
  <datafield tag="650" ind1=" " ind2="0">
    <subfield code="a">Educational technology</subfield>
    <subfield code="x">Research.</subfield>
  </datafield>
  <datafield tag="700" ind1="1" ind2=" ">
    <subfield code="a">Kennedy, Eugene,</subfield>
    <subfield code="d">1955-</subfield>
    <subfield code="e">editor.</subfield>
  </datafield>
  <datafield tag="700" ind1="1" ind2=" ">
    <subfield code="a">Qian, Yufeng,</subfield>
    <subfield code="d">1967-</subfield>
    <subfield code="e">editor.</subfield>
  </datafield>
  <datafield tag="776" ind1="0" ind2="8">
    <subfield code="i">Online version:</subfield>
    <subfield code="t">Advancing educational research with emerging technology</subfield>
    <subfield code="d">Hershey, PA : Information Science Reference, 2020.</subfield>
    <subfield code="z">9781799811756</subfield>
    <subfield code="w">(DLC) 2019025557</subfield>
  </datafield>
</record>