
<record>
  <leader>01959cam a2200313 i 4500</leader>
  <controlfield tag="001">21195934</controlfield>
  <controlfield tag="005">20200102091631.0</controlfield>
  <controlfield tag="008">190906s2019    ksua          000 0 eng  </controlfield>
  <datafield tag="906" ind1=" " ind2=" ">
    <subfield code="a">7</subfield>
    <subfield code="b">cbc</subfield>
    <subfield code="c">orignew</subfield>
    <subfield code="d">2</subfield>
    <subfield code="e">epcn</subfield>
    <subfield code="f">20</subfield>
    <subfield code="g">y-gencatlg</subfield>
  </datafield>
  <datafield tag="925" ind1="0" ind2=" ">
    <subfield code="a">acquire</subfield>
    <subfield code="b">1 shelf copy</subfield>
    <subfield code="x">policy default</subfield>
  </datafield>
  <datafield tag="955" ind1=" " ind2=" ">
    <subfield code="b">xd15 2019-09-06</subfield>
    <subfield code="a">xn11 2019-10-28 1 copy rec&apos;d., to USASH</subfield>
    <subfield code="i">rm14 2019-12-12</subfield>
    <subfield code="e">rm14 2020-01-02 (to Dewey)</subfield>
  </datafield>
  <datafield tag="010" ind1=" " ind2=" ">
    <subfield code="a">  2019949853</subfield>
  </datafield>
  <datafield tag="020" ind1=" " ind2=" ">
    <subfield code="a">9781732241084</subfield>
  </datafield>
  <datafield tag="040" ind1=" " ind2=" ">
    <subfield code="a">DLC</subfield>
    <subfield code="b">eng</subfield>
    <subfield code="e">rda</subfield>
    <subfield code="c">DLC</subfield>
  </datafield>
  <datafield tag="042" ind1=" " ind2=" ">
    <subfield code="a">pcc</subfield>
  </datafield>
  <datafield tag="050" ind1="0" ind2="0">
    <subfield code="a">HV6534.L55</subfield>
    <subfield code="b">H37 2019</subfield>
  </datafield>
  <datafield tag="100" ind1="1" ind2=" ">
    <subfield code="a">Hartnett, Mike,</subfield>
    <subfield code="e">author.</subfield>
  </datafield>
  <datafield tag="245" ind1="1" ind2="0">
    <subfield code="a">And I cried, too :</subfield>
    <subfield code="b">confronting evil in a small town : a memoir /</subfield>
    <subfield code="c">Mike Hartnett.</subfield>
  </datafield>
  <datafield tag="264" ind1=" " ind2="1">
    <subfield code="a">Emporia, KS :</subfield>
    <subfield code="b">Meadowlark,</subfield>
    <subfield code="c">2019.</subfield>
  </datafield>
  <datafield tag="300" ind1=" " ind2=" ">
    <subfield code="a">165 pages :</subfield>
    <subfield code="b">illustrations ;</subfield>
    <subfield code="c">21 cm</subfield>
  </datafield>
  <datafield tag="336" ind1=" " ind2=" ">
    <subfield code="a">text</subfield>
    <subfield code="b">txt</subfield>
    <subfield code="2">rdacontent</subfield>
  </datafield>
  <datafield tag="337" ind1=" " ind2=" ">
    <subfield code="a">unmediated</subfield>
    <subfield code="b">n</subfield>
    <subfield code="2">rdamedia</subfield>
  </datafield>
  <datafield tag="338" ind1=" " ind2=" ">
    <subfield code="a">volume</subfield>
    <subfield code="b">nc</subfield>
    <subfield code="2">rdacarrier</subfield>
  </datafield>
  <datafield tag="520" ind1=" " ind2=" ">
    <subfield code="a">&quot;Mike and his wife, Barbara, moved to Lincoln, Illinois, in 1972. The town of 17,000 was charming, friendly, and safe. As employees of the small, private junior college, Lincoln College, they quickly grew to enjoy the subtle pleasures of small-town living. Then the campus was hit with a series of burglaries, and a student disappeared. Finally, the murders began. This is Mike Hartnett&apos;s personal story, memories that have taken him more than forty years to prepare for sharing. This is not a true crime expos or a who-dunnit mystery. This is simply a story about one man on the periphery of a series of events that devastated individuals and families in a small town for a time, and then they were over. It is a story about the guilt that lingers and the questions that remain&quot;--</subfield>
    <subfield code="c">Provided by publisher.</subfield>
  </datafield>
  <datafield tag="600" ind1="1" ind2="0">
    <subfield code="a">Hartnett, Mike.</subfield>
  </datafield>
  <datafield tag="600" ind1="1" ind2="0">
    <subfield code="a">Smrekar, Russell.</subfield>
  </datafield>
  <datafield tag="650" ind1=" " ind2="0">
    <subfield code="a">Serial murders</subfield>
    <subfield code="z">Illinois</subfield>
    <subfield code="z">Lincoln</subfield>
    <subfield code="v">Case studies.</subfield>
  </datafield>
  <datafield tag="650" ind1=" " ind2="0">
    <subfield code="a">Serial murderers</subfield>
    <subfield code="z">Illinois</subfield>
    <subfield code="z">Lincoln</subfield>
    <subfield code="v">Case studies.</subfield>
  </datafield>
  <datafield tag="650" ind1=" " ind2="0">
    <subfield code="a">Serial murder investigation</subfield>
    <subfield code="z">Illinois</subfield>
    <subfield code="v">Case studies.</subfield>
  </datafield>
</record>