
<record>
  <leader>02558cam a22002895i 4500</leader>
  <controlfield tag="001">21196874</controlfield>
  <controlfield tag="005">20200102104725.0</controlfield>
  <controlfield tag="008">190907s2020    nyu           000 0 eng  </controlfield>
  <datafield tag="906" ind1=" " ind2=" ">
    <subfield code="a">0</subfield>
    <subfield code="b">ibc</subfield>
    <subfield code="c">orignew</subfield>
    <subfield code="d">2</subfield>
    <subfield code="e">epcn</subfield>
    <subfield code="f">20</subfield>
    <subfield code="g">y-gencatlg</subfield>
  </datafield>
  <datafield tag="925" ind1="0" ind2=" ">
    <subfield code="a">acquire</subfield>
    <subfield code="b">1 shelf copy</subfield>
    <subfield code="x">policy default</subfield>
  </datafield>
  <datafield tag="955" ind1=" " ind2=" ">
    <subfield code="b">xd06 2019-09-07</subfield>
    <subfield code="a">xn11 2020-01-02 1 copy rec&apos;d., to USASH</subfield>
  </datafield>
  <datafield tag="010" ind1=" " ind2=" ">
    <subfield code="a">  2019949893</subfield>
  </datafield>
  <datafield tag="020" ind1=" " ind2=" ">
    <subfield code="a">9781892149299</subfield>
    <subfield code="q">(paperback)</subfield>
  </datafield>
  <datafield tag="020" ind1=" " ind2=" ">
    <subfield code="z">9781892149305</subfield>
    <subfield code="q">(ebook)</subfield>
  </datafield>
  <datafield tag="040" ind1=" " ind2=" ">
    <subfield code="a">DLC</subfield>
    <subfield code="b">eng</subfield>
    <subfield code="e">rda</subfield>
    <subfield code="c">DLC</subfield>
  </datafield>
  <datafield tag="042" ind1=" " ind2=" ">
    <subfield code="a">pcc</subfield>
  </datafield>
  <datafield tag="100" ind1="1" ind2=" ">
    <subfield code="a">Brass, Perry M.,</subfield>
    <subfield code="d">1947-</subfield>
    <subfield code="e">author.</subfield>
  </datafield>
  <datafield tag="245" ind1="1" ind2="2">
    <subfield code="a">A real life :</subfield>
    <subfield code="b">&quot;like Mark Twain, with drag queens,&quot; a memoir /</subfield>
    <subfield code="c">Perry M. Brass, Michael Gnat.</subfield>
  </datafield>
  <datafield tag="250" ind1=" " ind2=" ">
    <subfield code="a">1st edition.</subfield>
  </datafield>
  <datafield tag="263" ind1=" " ind2=" ">
    <subfield code="a">2002</subfield>
  </datafield>
  <datafield tag="264" ind1=" " ind2="1">
    <subfield code="a">Bronx :</subfield>
    <subfield code="b">Belhue Press,</subfield>
    <subfield code="c">2020.</subfield>
  </datafield>
  <datafield tag="300" ind1=" " ind2=" ">
    <subfield code="a">pages cm</subfield>
  </datafield>
  <datafield tag="336" ind1=" " ind2=" ">
    <subfield code="a">text</subfield>
    <subfield code="b">txt</subfield>
    <subfield code="2">rdacontent</subfield>
  </datafield>
  <datafield tag="337" ind1=" " ind2=" ">
    <subfield code="a">unmediated</subfield>
    <subfield code="b">n</subfield>
    <subfield code="2">rdamedia</subfield>
  </datafield>
  <datafield tag="338" ind1=" " ind2=" ">
    <subfield code="a">volume</subfield>
    <subfield code="b">nc</subfield>
    <subfield code="2">rdacarrier</subfield>
  </datafield>
  <datafield tag="520" ind1=" " ind2=" ">
    <subfield code="a">&quot;In June of 1965, after a year of hazing and persecution at the University of Georgia in Athens, seventeen-year-old Perry Brass hitchhiked from his native Savannah to San Francisco, beginning a year of adventures he called, &quot;Like Mark Twain with drag queens.&quot; Often dead broke, he encountered a world of homeless gay kids like himself, boy hustlers and the men who frequented them, as well as tormented married men, female impersonators, and ruthless cops. In this poignant book, Brass has been able to recapture a very different time, when being gay was illegal, but gay teens were starting to seek a life together on their way to the liberation that would come only later after Stonewall. Gay youth rarely have an easy time of it, but A Real Life is a keyhole into being an openly gay teen, on his own, in the painfully difficult period before Gay Liberation. Perry Brass is the author of nineteen books of fiction and non-fiction, ranging from poetry to &quot;pornography,&quot; and his famous &quot;how to&quot; books, like How to Survive Your Own Gay Life and The Manly Art of Seduction. An artist, poet, journalist, and long-time activist, in this revealing book he has pulled back the mask covering so much of lgbtq struggles, history, and culture. He writes about the grit, courage, and ultimately love so many gay kids showed, after leaving families and even whole towns that violently rejected them. He talks about his own crushes, and the men who supported him, as well as his need to find his own &quot;real life.&quot; In A Real Life, Brass brings back so many realities of a period too many of us should not forget&quot;--</subfield>
    <subfield code="c">Provided by publisher.</subfield>
  </datafield>
  <datafield tag="700" ind1="1" ind2=" ">
    <subfield code="a">Gnat, Michael,</subfield>
    <subfield code="e">editor.</subfield>
  </datafield>
</record>