
<record>
  <leader>04803cam a22005177i 4500</leader>
  <controlfield tag="001">21201541</controlfield>
  <controlfield tag="005">20200102103508.0</controlfield>
  <controlfield tag="008">190911t20192019nyua     b    001 0 eng d</controlfield>
  <datafield tag="906" ind1=" " ind2=" ">
    <subfield code="a">7</subfield>
    <subfield code="b">cbc</subfield>
    <subfield code="c">copycat</subfield>
    <subfield code="d">2</subfield>
    <subfield code="e">ncip</subfield>
    <subfield code="f">20</subfield>
    <subfield code="g">y-gencatlg</subfield>
  </datafield>
  <datafield tag="925" ind1="0" ind2=" ">
    <subfield code="a">acquire</subfield>
    <subfield code="b">1 shelf copy</subfield>
    <subfield code="x">policy default</subfield>
  </datafield>
  <datafield tag="955" ind1=" " ind2=" ">
    <subfield code="b">xn16 2019-09-11 z-processor to USASH</subfield>
    <subfield code="a">rl00 2019-09-19 to SMA</subfield>
    <subfield code="i">rl02 2019-10-03 to BCCD</subfield>
  </datafield>
  <datafield tag="010" ind1=" " ind2=" ">
    <subfield code="a">  2019285699</subfield>
  </datafield>
  <datafield tag="020" ind1=" " ind2=" ">
    <subfield code="a">9780806539317</subfield>
    <subfield code="q">(paperback)</subfield>
  </datafield>
  <datafield tag="020" ind1=" " ind2=" ">
    <subfield code="a">0806539313</subfield>
    <subfield code="q">(paperback)</subfield>
  </datafield>
  <datafield tag="035" ind1=" " ind2=" ">
    <subfield code="a">(OCoLC)on1077954063</subfield>
  </datafield>
  <datafield tag="040" ind1=" " ind2=" ">
    <subfield code="a">YDX</subfield>
    <subfield code="b">eng</subfield>
    <subfield code="c">YDX</subfield>
    <subfield code="e">rda</subfield>
    <subfield code="d">ATNSH</subfield>
    <subfield code="d">BDX</subfield>
    <subfield code="d">LMJ</subfield>
    <subfield code="d">WIM</subfield>
    <subfield code="d">JAS</subfield>
    <subfield code="d">OQX</subfield>
    <subfield code="d">CLE</subfield>
    <subfield code="d">ILC</subfield>
    <subfield code="d">OCLCF</subfield>
    <subfield code="d">DLC</subfield>
  </datafield>
  <datafield tag="042" ind1=" " ind2=" ">
    <subfield code="a">lccopycat</subfield>
  </datafield>
  <datafield tag="050" ind1="0" ind2="0">
    <subfield code="a">RG268</subfield>
    <subfield code="b">.G86 2019</subfield>
  </datafield>
  <datafield tag="082" ind1="0" ind2="4">
    <subfield code="a">618.1</subfield>
    <subfield code="2">23</subfield>
  </datafield>
  <datafield tag="100" ind1="1" ind2=" ">
    <subfield code="a">Gunter, Jen,</subfield>
    <subfield code="e">author.</subfield>
  </datafield>
  <datafield tag="245" ind1="1" ind2="4">
    <subfield code="a">The vagina bible :</subfield>
    <subfield code="b">the vulva and the vagina - separating the myth from the medicine /</subfield>
    <subfield code="c">Jen Gunter, MD.</subfield>
  </datafield>
  <datafield tag="264" ind1=" " ind2="1">
    <subfield code="a">New York, NY :</subfield>
    <subfield code="b">Citadel Press,</subfield>
    <subfield code="c">[2019]</subfield>
  </datafield>
  <datafield tag="264" ind1=" " ind2="4">
    <subfield code="c">2019</subfield>
  </datafield>
  <datafield tag="300" ind1=" " ind2=" ">
    <subfield code="a">xii, 420 pages :</subfield>
    <subfield code="b">illustrations ;</subfield>
    <subfield code="c">23 cm</subfield>
  </datafield>
  <datafield tag="336" ind1=" " ind2=" ">
    <subfield code="a">text</subfield>
    <subfield code="b">txt</subfield>
    <subfield code="2">rdacontent</subfield>
  </datafield>
  <datafield tag="337" ind1=" " ind2=" ">
    <subfield code="a">unmediated</subfield>
    <subfield code="b">n</subfield>
    <subfield code="2">rdamedia</subfield>
  </datafield>
  <datafield tag="338" ind1=" " ind2=" ">
    <subfield code="a">volume</subfield>
    <subfield code="b">nc</subfield>
    <subfield code="2">rdacarrier</subfield>
  </datafield>
  <datafield tag="504" ind1=" " ind2=" ">
    <subfield code="a">Includes bibliographical references (pages 393-403) and index.</subfield>
  </datafield>
  <datafield tag="505" ind1="0" ind2=" ">
    <subfield code="a">Introduction -- Getting started -- Everyday practicalities and v maintenance -- Skin care and cleansing -- Menstrual products and mythology -- Menopause -- Medications and interventions -- Sexually transmitted infections (STIS) -- Conditions -- Symptoms -- Putting it all together.</subfield>
  </datafield>
  <datafield tag="520" ind1=" " ind2=" ">
    <subfield code="a">&quot;OB/GYN, writer for The New York Times, USA Today, and Self, and host of the show Jensplaining, Dr. Jen Gunter now delivers the definitive book on vaginal health, answering the questions you&apos;ve always had but were afraid to ask--or couldn&apos;t find the right answers to. She has been called Twitter&apos;s resident gynecologist, the Internet&apos;s OB/GYN, and one of the fiercest advocates for women&apos;s health...and she&apos;s here to give you the straight talk on the topics she knows best. Does eating sugar cause yeast infections? Does pubic hair have a function? Should you have a vulvovaginal care regimen? Will your vagina shrivel up if you go without sex? What&apos;s the truth about the HPV vaccine? So many important questions, so much convincing, confusing, contradictory misinformation! In this age of click bait, pseudoscience, and celebrity-endorsed products, it&apos;s easy to be overwhelmed--whether it&apos;s websites, advice from well-meaning friends, uneducated partners, and even healthcare providers. So how do you separate facts from fiction? OB-GYN Jen Gunter, an expert on women&apos;s health--and the internet&apos;s most popular go-to doc--comes to the rescue with a book that debunks the myths and educates and empowers women. From reproductive health to the impact of antibiotics and probiotics, and the latest trends, including vaginal steaming, vaginal marijuana products, and jade eggs, Gunter takes us on a factual, fun-filled journey. Discover the truth about: The vaginal microbiome. Genital hygiene, lubricants, and hormone myths and fallacies. How diet impacts vaginal health. Stem cells and the vagina. Cosmetic vaginal surgery. What changes to expect during pregnancy, after childbirth, and through menopause. How medicine fails women by dismissing symptoms. Plus: Thongs vs. lace: the best underwear for vaginal health. How to select a tampon. The full glory of the clitoris and the myth of the G Spot.. . . And so much more. Whether you&apos;re a twenty-six-year-old worried that her labia are &quot;uncool&quot; or a sixty-six-year-old dealing with painful sex, this comprehensive guide is sure to become a lifelong trusted resource. &quot;--Publisher&apos;s website.</subfield>
  </datafield>
  <datafield tag="520" ind1=" " ind2=" ">
    <subfield code="a">Does eating sugar cause yeast infections? Does pubic hair have a function? What&apos;s the truth about the HPV vaccine? Gunter answers the questions you&apos;ve always had but were afraid to ask. She debunks the myths, from reproductive health to the impact of antibiotics and probiotics, and the latest trends, including vaginal steaming, vaginal marijuana products, and jade eggs. -- adapted from back cover</subfield>
  </datafield>
  <datafield tag="650" ind1=" " ind2="0">
    <subfield code="a">Vagina.</subfield>
  </datafield>
  <datafield tag="650" ind1=" " ind2="0">
    <subfield code="a">Vagina</subfield>
    <subfield code="x">Care and hygiene.</subfield>
  </datafield>
  <datafield tag="650" ind1=" " ind2="0">
    <subfield code="a">Vagina</subfield>
    <subfield code="x">Diseases.</subfield>
  </datafield>
  <datafield tag="650" ind1=" " ind2="0">
    <subfield code="a">Gynecology</subfield>
    <subfield code="v">Popular works.</subfield>
  </datafield>
  <datafield tag="650" ind1=" " ind2="0">
    <subfield code="a">Generative organs, Female</subfield>
    <subfield code="x">Care and hygiene.</subfield>
  </datafield>
  <datafield tag="650" ind1=" " ind2="0">
    <subfield code="a">Sexual health.</subfield>
  </datafield>
  <datafield tag="650" ind1=" " ind2="0">
    <subfield code="a">Women</subfield>
    <subfield code="x">Health and hygiene.</subfield>
  </datafield>
  <datafield tag="650" ind1=" " ind2="7">
    <subfield code="a">Generative organs, Female</subfield>
    <subfield code="x">Care and hygiene.</subfield>
    <subfield code="2">fast</subfield>
    <subfield code="0">(OCoLC)fst00939924</subfield>
  </datafield>
  <datafield tag="650" ind1=" " ind2="7">
    <subfield code="a">Gynecology.</subfield>
    <subfield code="2">fast</subfield>
    <subfield code="0">(OCoLC)fst00949684</subfield>
  </datafield>
  <datafield tag="650" ind1=" " ind2="7">
    <subfield code="a">Sexual health.</subfield>
    <subfield code="2">fast</subfield>
    <subfield code="0">(OCoLC)fst01754480</subfield>
  </datafield>
  <datafield tag="650" ind1=" " ind2="7">
    <subfield code="a">Vagina.</subfield>
    <subfield code="2">fast</subfield>
    <subfield code="0">(OCoLC)fst01163651</subfield>
  </datafield>
  <datafield tag="650" ind1=" " ind2="7">
    <subfield code="a">Vagina</subfield>
    <subfield code="x">Care and hygiene.</subfield>
    <subfield code="2">fast</subfield>
    <subfield code="0">(OCoLC)fst01163656</subfield>
  </datafield>
  <datafield tag="650" ind1=" " ind2="7">
    <subfield code="a">Vagina</subfield>
    <subfield code="x">Diseases.</subfield>
    <subfield code="2">fast</subfield>
    <subfield code="0">(OCoLC)fst01163657</subfield>
  </datafield>
  <datafield tag="650" ind1=" " ind2="7">
    <subfield code="a">Women</subfield>
    <subfield code="x">Health and hygiene.</subfield>
    <subfield code="2">fast</subfield>
    <subfield code="0">(OCoLC)fst01176758</subfield>
  </datafield>
  <datafield tag="655" ind1=" " ind2="7">
    <subfield code="a">Popular works.</subfield>
    <subfield code="2">fast</subfield>
    <subfield code="0">(OCoLC)fst01423846</subfield>
  </datafield>
</record>