
<record>
  <leader>02964cam a2200337 i 4500</leader>
  <controlfield tag="001">21202618</controlfield>
  <controlfield tag="005">20200102143311.0</controlfield>
  <controlfield tag="008">190912s2020    nyu      b    001 0 eng  </controlfield>
  <datafield tag="906" ind1=" " ind2=" ">
    <subfield code="a">7</subfield>
    <subfield code="b">cbc</subfield>
    <subfield code="c">orignew</subfield>
    <subfield code="d">1</subfield>
    <subfield code="e">ecip</subfield>
    <subfield code="f">20</subfield>
    <subfield code="g">y-gencatlg</subfield>
  </datafield>
  <datafield tag="925" ind1="0" ind2=" ">
    <subfield code="a">acquire</subfield>
    <subfield code="b">1 shelf copy</subfield>
    <subfield code="x">policy default</subfield>
  </datafield>
  <datafield tag="955" ind1=" " ind2=" ">
    <subfield code="b">rm15 2019-09-12</subfield>
    <subfield code="i">rm15 2019-09-12 (telework) to Dewey</subfield>
    <subfield code="w">xm09 2019-09-12</subfield>
    <subfield code="a">xn17 2019-12-05 1 copy rec&apos;d., to CIP ver.</subfield>
    <subfield code="f">rm16 2020-0 1-02 to CALM</subfield>
  </datafield>
  <datafield tag="010" ind1=" " ind2=" ">
    <subfield code="a">  2019022945</subfield>
  </datafield>
  <datafield tag="020" ind1=" " ind2=" ">
    <subfield code="a">9780190935467</subfield>
    <subfield code="q">(hardback)</subfield>
  </datafield>
  <datafield tag="020" ind1=" " ind2=" ">
    <subfield code="z">9780190935474</subfield>
    <subfield code="q">(pdf)</subfield>
  </datafield>
  <datafield tag="020" ind1=" " ind2=" ">
    <subfield code="z">9780190935481</subfield>
    <subfield code="q">(epub)</subfield>
  </datafield>
  <datafield tag="040" ind1=" " ind2=" ">
    <subfield code="a">DLC</subfield>
    <subfield code="b">eng</subfield>
    <subfield code="c">DLC</subfield>
    <subfield code="e">rda</subfield>
    <subfield code="d">DLC</subfield>
  </datafield>
  <datafield tag="042" ind1=" " ind2=" ">
    <subfield code="a">pcc</subfield>
  </datafield>
  <datafield tag="050" ind1="0" ind2="0">
    <subfield code="a">HM821</subfield>
    <subfield code="b">.E73 2020</subfield>
  </datafield>
  <datafield tag="082" ind1="0" ind2="0">
    <subfield code="a">305</subfield>
    <subfield code="2">23</subfield>
  </datafield>
  <datafield tag="100" ind1="1" ind2=" ">
    <subfield code="a">rdi, Pter,</subfield>
    <subfield code="e">author.</subfield>
  </datafield>
  <datafield tag="245" ind1="1" ind2="0">
    <subfield code="a">Ranking :</subfield>
    <subfield code="b">the unwritten rules of the social game we all play /</subfield>
    <subfield code="c">Pter rdi, Kalmazoo College.</subfield>
  </datafield>
  <datafield tag="264" ind1=" " ind2="1">
    <subfield code="a">New York, NY :</subfield>
    <subfield code="b">Oxford University Press,</subfield>
    <subfield code="c">[2020]</subfield>
  </datafield>
  <datafield tag="300" ind1=" " ind2=" ">
    <subfield code="a">xvii, 246 pages ;</subfield>
    <subfield code="c">22 cm</subfield>
  </datafield>
  <datafield tag="336" ind1=" " ind2=" ">
    <subfield code="a">text</subfield>
    <subfield code="b">txt</subfield>
    <subfield code="2">rdacontent</subfield>
  </datafield>
  <datafield tag="337" ind1=" " ind2=" ">
    <subfield code="a">unmediated</subfield>
    <subfield code="b">n</subfield>
    <subfield code="2">rdamedia</subfield>
  </datafield>
  <datafield tag="338" ind1=" " ind2=" ">
    <subfield code="a">volume</subfield>
    <subfield code="b">nc</subfield>
    <subfield code="2">rdacarrier</subfield>
  </datafield>
  <datafield tag="504" ind1=" " ind2=" ">
    <subfield code="a">Includes bibliographical references (215-232) and index.</subfield>
  </datafield>
  <datafield tag="520" ind1=" " ind2=" ">
    <subfield code="a">&quot;We like to see who is stronger, richer, better, or cleverer. Since we humans (1) love lists, (2) are competitive, and (3) are jealous of other people, we like ranking. We can rank some situations objectively: students ranked by their heights reflects objectivity. However, many &quot;Top Ten&quot; (or twenty-one, thirty-three, etc) lists are based on subjective categorization and give only the illusion of objectivity. In fact, we don&apos;t always want to be seen objectively since we don&apos;t mind having a better image or rank than deserved. The book applies scientific theories to everyday experience by raising and answering questions like: Are college ranking lists objective? How do we rank and rate countries based on their fragility, level of corruption, or even happiness? How do we find the most relevant web pages? How employees are ranked? The book is offered to people whose neighbor has a fancier car; employees, who are being ranked by their supervisors; managers, who are involved in ranking but may have qualms about the process; businessmen interested in creating better visibility for their companies; scientists, writers, artists, and other competitors who would like to see themselves at the top of a success list; college students who are just preparing to enter a new phase of social competition. The Reader will engage in an intellectual adventure to better understand the difficulties of navigating between objectivity and subjectivity and to better identify and modify her place in real and virtual communities by combining human and computational intelligence. ranking, rating, metrics, comparison, list, objective, subjective, manipulation, reputation, recommendation systems&quot;--</subfield>
    <subfield code="c">Provided by publisher.</subfield>
  </datafield>
  <datafield tag="650" ind1=" " ind2="0">
    <subfield code="a">Social stratification.</subfield>
  </datafield>
  <datafield tag="650" ind1=" " ind2="0">
    <subfield code="a">Competition</subfield>
    <subfield code="x">Social aspects.</subfield>
  </datafield>
  <datafield tag="650" ind1=" " ind2="0">
    <subfield code="a">Social comparison.</subfield>
  </datafield>
</record>