
<record>
  <leader>02612cam a2200349 i 4500</leader>
  <controlfield tag="001">21209587</controlfield>
  <controlfield tag="005">20200102134242.0</controlfield>
  <controlfield tag="008">190918s2020    enk      b    001 0 eng  </controlfield>
  <datafield tag="906" ind1=" " ind2=" ">
    <subfield code="a">7</subfield>
    <subfield code="b">cbc</subfield>
    <subfield code="c">orignew</subfield>
    <subfield code="d">1</subfield>
    <subfield code="e">ecip</subfield>
    <subfield code="f">20</subfield>
    <subfield code="g">y-gencatlg</subfield>
  </datafield>
  <datafield tag="925" ind1="0" ind2=" ">
    <subfield code="a">acquire</subfield>
    <subfield code="b">1 shelf copy</subfield>
    <subfield code="x">policy default</subfield>
  </datafield>
  <datafield tag="955" ind1=" " ind2=" ">
    <subfield code="b">rm06 2019-09-18</subfield>
    <subfield code="c">rm06 2019-09-18</subfield>
    <subfield code="d">rm03 2019-09-23</subfield>
    <subfield code="e">rm04 2019-10-01 to Dewey</subfield>
    <subfield code="w">xm06 2019-10-01</subfield>
    <subfield code="a">xn16 2019-12-06 1 copy rec&apos;d., to CIP ver.</subfield>
    <subfield code="f">rm16 2020-01-02 to CALM</subfield>
  </datafield>
  <datafield tag="010" ind1=" " ind2=" ">
    <subfield code="a">  2019036271</subfield>
  </datafield>
  <datafield tag="020" ind1=" " ind2=" ">
    <subfield code="a">9780367223557</subfield>
    <subfield code="q">(hbk)</subfield>
  </datafield>
  <datafield tag="020" ind1=" " ind2=" ">
    <subfield code="z">9780429274480</subfield>
    <subfield code="q">(ebk)</subfield>
  </datafield>
  <datafield tag="040" ind1=" " ind2=" ">
    <subfield code="a">DLC</subfield>
    <subfield code="b">eng</subfield>
    <subfield code="c">DLC</subfield>
    <subfield code="e">rda</subfield>
    <subfield code="d">DLC</subfield>
  </datafield>
  <datafield tag="042" ind1=" " ind2=" ">
    <subfield code="a">pcc</subfield>
  </datafield>
  <datafield tag="043" ind1=" " ind2=" ">
    <subfield code="a">e-uk---</subfield>
  </datafield>
  <datafield tag="050" ind1="0" ind2="0">
    <subfield code="a">HV6773.3.G7</subfield>
    <subfield code="b">M67 2020</subfield>
  </datafield>
  <datafield tag="082" ind1="0" ind2="0">
    <subfield code="a">363.325</subfield>
    <subfield code="2">23</subfield>
  </datafield>
  <datafield tag="100" ind1="1" ind2=" ">
    <subfield code="a">Mott, Gareth,</subfield>
    <subfield code="e">author.</subfield>
  </datafield>
  <datafield tag="245" ind1="1" ind2="0">
    <subfield code="a">Constructing the cyberterrorist :</subfield>
    <subfield code="b">critical reflections on the UK case /</subfield>
    <subfield code="c">Gareth Mott.</subfield>
  </datafield>
  <datafield tag="264" ind1=" " ind2="1">
    <subfield code="a">London ;</subfield>
    <subfield code="a">New York :</subfield>
    <subfield code="b">Routledge, Taylor &amp; Routledge</subfield>
    <subfield code="c">2020.</subfield>
  </datafield>
  <datafield tag="300" ind1=" " ind2=" ">
    <subfield code="a">vii, 144 pages ;</subfield>
    <subfield code="c">24 cm.</subfield>
  </datafield>
  <datafield tag="336" ind1=" " ind2=" ">
    <subfield code="a">text</subfield>
    <subfield code="b">txt</subfield>
    <subfield code="2">rdacontent</subfield>
  </datafield>
  <datafield tag="337" ind1=" " ind2=" ">
    <subfield code="a">unmediated</subfield>
    <subfield code="b">n</subfield>
    <subfield code="2">rdamedia</subfield>
  </datafield>
  <datafield tag="338" ind1=" " ind2=" ">
    <subfield code="a">volume</subfield>
    <subfield code="b">nc</subfield>
    <subfield code="2">rdacarrier</subfield>
  </datafield>
  <datafield tag="490" ind1="0" ind2=" ">
    <subfield code="a">Routledge critical terrorism studies</subfield>
  </datafield>
  <datafield tag="504" ind1=" " ind2=" ">
    <subfield code="a">Includes bibliographical references and index.</subfield>
  </datafield>
  <datafield tag="520" ind1=" " ind2=" ">
    <subfield code="a">&quot;This book maps and analyses the official British construction of the threat of cyberterrorism. By using interpretive discourse analysis, this book identifies &apos;strands&apos; from a corpus of policy documents, statements and speeches from UK ministers, MPs and peers, between 12 May 2010 and 24 June 2016. The book examines how the threat of cyberterrorism was constructed in the UK, and what this securitisation has made possible. The author makes novel contributions to the Copenhagen School&apos;s &apos;securitisation theory&apos; framework by outlining a &apos;tiered&apos; rather than monolithic audience system; refining the &apos;temporal&apos; and &apos;spatial&apos; conditioning of a securitisation with reference to the distinctive characteristics of cyberterrorism; and, lastly, by detailing the way in which popular fiction can be ascribed agency to &apos;fill in&apos; an absence of &apos;cyberterrorism&apos; case studies. He also argues that the UK government&apos;s classification of cyberterrorism as a &apos;Tier One&apos; threat created a central strand upon which a discursive securitisation was established. This book will be of interest to students of critical security studies, terrorism studies, UK politics and IR&quot;--</subfield>
    <subfield code="c">Provided by publisher.</subfield>
  </datafield>
  <datafield tag="650" ind1=" " ind2="0">
    <subfield code="a">Cyberterrorism</subfield>
    <subfield code="z">Great Britain.</subfield>
  </datafield>
  <datafield tag="650" ind1=" " ind2="0">
    <subfield code="a">Cyberterrorism</subfield>
    <subfield code="x">Prevention</subfield>
    <subfield code="z">Great Britain.</subfield>
  </datafield>
  <datafield tag="776" ind1="0" ind2="8">
    <subfield code="i">Online version:</subfield>
    <subfield code="a">Mott, Gareth,</subfield>
    <subfield code="t">Constructing the cyberterrorist</subfield>
    <subfield code="b">1.</subfield>
    <subfield code="d">New York : Routledge, 2019.</subfield>
    <subfield code="z">9780429274480</subfield>
    <subfield code="w">(DLC) 2019036272</subfield>
  </datafield>
</record>