
<record>
  <leader>01640cam a22003137i 4500</leader>
  <controlfield tag="001">21210987</controlfield>
  <controlfield tag="005">20200102112507.0</controlfield>
  <controlfield tag="008">190919t19871987is a          000 0 heb  </controlfield>
  <datafield tag="906" ind1=" " ind2=" ">
    <subfield code="a">7</subfield>
    <subfield code="b">cbc</subfield>
    <subfield code="c">orignew</subfield>
    <subfield code="d">4</subfield>
    <subfield code="e">ncip</subfield>
    <subfield code="f">20</subfield>
    <subfield code="g">y-nonroman</subfield>
  </datafield>
  <datafield tag="925" ind1="0" ind2=" ">
    <subfield code="a">acquire</subfield>
    <subfield code="b">1 shelf copy</subfield>
    <subfield code="x">policy default</subfield>
  </datafield>
  <datafield tag="955" ind1=" " ind2=" ">
    <subfield code="b">cd22 2019-09-19</subfield>
    <subfield code="a">cd00 2019-09-19 to ASME/IJ;</subfield>
    <subfield code="i">cd22 2019-11-26 (Enhanced MLC), to cd01;</subfield>
    <subfield code="r">cd01 2019-11-27 reviewed, returned to cd22;</subfield>
    <subfield code="a">cd22 2019-12-02, to BCCD;</subfield>
    <subfield code="u">cd22 2020-01-02 changed romanization in 264 of &quot;</subfield>
  </datafield>
  <datafield tag="010" ind1=" " ind2=" ">
    <subfield code="a">  2019454091</subfield>
  </datafield>
  <datafield tag="040" ind1=" " ind2=" ">
    <subfield code="a">DLC</subfield>
    <subfield code="b">eng</subfield>
    <subfield code="e">rda</subfield>
    <subfield code="c">DLC</subfield>
  </datafield>
  <datafield tag="050" ind1="0" ind2="0">
    <subfield code="a">GV1062</subfield>
    <subfield code="b">.K76 1987</subfield>
  </datafield>
  <datafield tag="066" ind1=" " ind2=" ">
    <subfield code="c">(2</subfield>
  </datafield>
  <datafield tag="100" ind1="1" ind2=" ">
    <subfield code="6">880-01</subfield>
    <subfield code="a">Krizstein, Semion,</subfield>
    <subfield code="e">author.</subfield>
  </datafield>
  <datafield tag="880" ind1="1" ind2=" ">
    <subfield code="6">100-01/(2/r</subfield>
    <subfield code="a">, .</subfield>
  </datafield>
  <datafield tag="245" ind1="1" ind2="0">
    <subfield code="6">880-02</subfield>
    <subfield code="a">Laruts adimah :</subfield>
    <subfield code="b">mashevot etsarot la-ritsot arukot /</subfield>
    <subfield code="c">Semyon ritsshain = Running ahead : short thoughts on long distance running / by Semion Krizstein.</subfield>
  </datafield>
  <datafield tag="880" ind1="1" ind2="0">
    <subfield code="6">245-02/(2/r</subfield>
    <subfield code="a">  :</subfield>
    <subfield code="b">    /</subfield>
    <subfield code="c">  = Running ahead : short thoughts on long distance running / by Semion Krizstein.</subfield>
  </datafield>
  <datafield tag="246" ind1="1" ind2="5">
    <subfield code="a">Running ahead :</subfield>
    <subfield code="b">short thoughts on long distance running.</subfield>
  </datafield>
  <datafield tag="264" ind1=" " ind2="1">
    <subfield code="6">880-03</subfield>
    <subfield code="a">[Israel] :</subfield>
    <subfield code="b">Hotsaat azan be-am,</subfield>
    <subfield code="c">[1987]</subfield>
  </datafield>
  <datafield tag="880" ind1=" " ind2="1">
    <subfield code="6">264-03/(2/r</subfield>
    <subfield code="a">[Israel] :</subfield>
    <subfield code="b">  &quot;,</subfield>
    <subfield code="c">[1987]</subfield>
  </datafield>
  <datafield tag="264" ind1=" " ind2="4">
    <subfield code="c">1987</subfield>
  </datafield>
  <datafield tag="300" ind1=" " ind2=" ">
    <subfield code="a">40 pages :</subfield>
    <subfield code="b">illustrations ;</subfield>
    <subfield code="c">22 cm</subfield>
  </datafield>
  <datafield tag="336" ind1=" " ind2=" ">
    <subfield code="a">text</subfield>
    <subfield code="b">txt</subfield>
    <subfield code="2">rdacontent</subfield>
  </datafield>
  <datafield tag="337" ind1=" " ind2=" ">
    <subfield code="a">unmediated</subfield>
    <subfield code="b">n</subfield>
    <subfield code="2">rdamedia</subfield>
  </datafield>
  <datafield tag="338" ind1=" " ind2=" ">
    <subfield code="a">volume</subfield>
    <subfield code="b">nc</subfield>
    <subfield code="2">rdacarrier</subfield>
  </datafield>
  <datafield tag="650" ind1=" " ind2="0">
    <subfield code="a">Long-distance running</subfield>
    <subfield code="x">Training.</subfield>
  </datafield>
  <datafield tag="952" ind1=" " ind2=" ">
    <subfield code="a">Enhanced MLC</subfield>
  </datafield>
</record>