
<record>
  <leader>02402cam a22002775i 4500</leader>
  <controlfield tag="001">21211808</controlfield>
  <controlfield tag="005">20200102110119.0</controlfield>
  <controlfield tag="008">190919s2019    maua          000 0 eng  </controlfield>
  <datafield tag="906" ind1=" " ind2=" ">
    <subfield code="a">0</subfield>
    <subfield code="b">ibc</subfield>
    <subfield code="c">orignew</subfield>
    <subfield code="d">2</subfield>
    <subfield code="e">epcn</subfield>
    <subfield code="f">20</subfield>
    <subfield code="g">y-gencatlg</subfield>
  </datafield>
  <datafield tag="925" ind1="0" ind2=" ">
    <subfield code="a">acquire</subfield>
    <subfield code="b">1 shelf copy</subfield>
    <subfield code="x">policy default</subfield>
  </datafield>
  <datafield tag="955" ind1=" " ind2=" ">
    <subfield code="b">xd06 2019-09-19</subfield>
    <subfield code="a">re13 2019-12-26 Copy 1 received via distribution to GPSE</subfield>
    <subfield code="c">re13 2019-12-26 Copy 1 Barcode 00489903969 to reviewer re25</subfield>
    <subfield code="a">xn11 2020-01-02 1 copy rec&apos;d., to USASH</subfield>
  </datafield>
  <datafield tag="010" ind1=" " ind2=" ">
    <subfield code="a">  2019950906</subfield>
  </datafield>
  <datafield tag="020" ind1=" " ind2=" ">
    <subfield code="a">9781788114813</subfield>
    <subfield code="q">(hardback)</subfield>
  </datafield>
  <datafield tag="020" ind1=" " ind2=" ">
    <subfield code="z">9781788114820</subfield>
    <subfield code="q">(ebook)</subfield>
  </datafield>
  <datafield tag="040" ind1=" " ind2=" ">
    <subfield code="a">DLC</subfield>
    <subfield code="b">eng</subfield>
    <subfield code="e">rda</subfield>
    <subfield code="c">DLC</subfield>
  </datafield>
  <datafield tag="097" ind1="0" ind2="0">
    <subfield code="a">?</subfield>
  </datafield>
  <datafield tag="100" ind1="1" ind2=" ">
    <subfield code="a">Durnov, Anna,</subfield>
    <subfield code="e">author.</subfield>
  </datafield>
  <datafield tag="245" ind1="1" ind2="0">
    <subfield code="a">Understanding emotions in post-factual politics :</subfield>
    <subfield code="b">negotiating truth /</subfield>
    <subfield code="c">Anna Durnov, Department of Public and Social Policy, Charles University, Prague, Czech republi and Institute for advanced studies, Vienna, Austria.</subfield>
  </datafield>
  <datafield tag="263" ind1=" " ind2=" ">
    <subfield code="a">1910</subfield>
  </datafield>
  <datafield tag="264" ind1=" " ind2="1">
    <subfield code="a">Cheltenham, UK :</subfield>
    <subfield code="b">Edward Elgar Publishing,</subfield>
    <subfield code="c">2019.</subfield>
  </datafield>
  <datafield tag="300" ind1=" " ind2=" ">
    <subfield code="a">168 pages :</subfield>
    <subfield code="b">illustrations</subfield>
    <subfield code="c">25 cm</subfield>
  </datafield>
  <datafield tag="336" ind1=" " ind2=" ">
    <subfield code="a">text</subfield>
    <subfield code="b">txt</subfield>
    <subfield code="2">rdacontent</subfield>
  </datafield>
  <datafield tag="337" ind1=" " ind2=" ">
    <subfield code="a">unmediated</subfield>
    <subfield code="b">n</subfield>
    <subfield code="2">rdamedia</subfield>
  </datafield>
  <datafield tag="338" ind1=" " ind2=" ">
    <subfield code="a">volume</subfield>
    <subfield code="b">nc</subfield>
    <subfield code="2">rdacarrier</subfield>
  </datafield>
  <datafield tag="504" ind1=" " ind2=" ">
    <subfield code="a">Include bibliographical references and index.</subfield>
  </datafield>
  <datafield tag="520" ind1=" " ind2=" ">
    <subfield code="a">&quot;An insightful lens into the contemporary state of post-factual politics, this timely book explores the perceived binary nature of facts and emotions, suggesting ways to integrate them. Anna Durnov shows that in order to understand post-factual politics, we must unveil the role of emotion in the discursive registers through which politics is constructed and knowledge is legitimized. By analysing and comparing scientists&apos; protests against the Trump presidency with famous scientific controversies in modern medicine, this book redefines truth as a negotiation in public discourse between the interplay of values, beliefs and facts. Chapters examine the ways in which people see emotions as being opposed to facts, unpacking how this ultimate opposition limits public discussion on science in the wake of alternative facts and &apos;fake news&apos;. Political science students and academics will find the new discussion of post-factual politics through the lens of emotions a timely and important read. This book is also ideal for social movements scholars with the March for Science a key case study used to examine the gap between emotions and facts in modern day times&quot;--</subfield>
    <subfield code="c">Provided by publisher.</subfield>
  </datafield>
</record>