
<record>
  <leader>02586cam a22003015i 4500</leader>
  <controlfield tag="001">21212014</controlfield>
  <controlfield tag="005">20200102141541.0</controlfield>
  <controlfield tag="008">190919s2019    maua          000 0 eng  </controlfield>
  <datafield tag="906" ind1=" " ind2=" ">
    <subfield code="a">0</subfield>
    <subfield code="b">ibc</subfield>
    <subfield code="c">orignew</subfield>
    <subfield code="d">2</subfield>
    <subfield code="e">epcn</subfield>
    <subfield code="f">20</subfield>
    <subfield code="g">y-gencatlg</subfield>
  </datafield>
  <datafield tag="925" ind1="0" ind2=" ">
    <subfield code="a">acquire</subfield>
    <subfield code="b">1 shelf copy</subfield>
    <subfield code="x">policy default</subfield>
  </datafield>
  <datafield tag="955" ind1=" " ind2=" ">
    <subfield code="b">xd06 2019-09-19</subfield>
    <subfield code="a">xn11 2019-12-20 1 copy rec&apos;d., to USASH</subfield>
    <subfield code="a">re13 2019-12-26 z-processor Copy 1 received in distribution GPSE team</subfield>
    <subfield code="c">xg31 2020-01-02 to subject (Brooks, Cassandra M. and Qin,Tianbao need NAR work)</subfield>
  </datafield>
  <datafield tag="010" ind1=" " ind2=" ">
    <subfield code="a">  2019950922</subfield>
  </datafield>
  <datafield tag="020" ind1=" " ind2=" ">
    <subfield code="a">9781788977425</subfield>
    <subfield code="q">(hardback)</subfield>
  </datafield>
  <datafield tag="020" ind1=" " ind2=" ">
    <subfield code="z">9781788977432</subfield>
    <subfield code="q">(ebook)</subfield>
  </datafield>
  <datafield tag="040" ind1=" " ind2=" ">
    <subfield code="a">DLC</subfield>
    <subfield code="b">eng</subfield>
    <subfield code="e">rda</subfield>
    <subfield code="c">DLC</subfield>
  </datafield>
  <datafield tag="042" ind1=" " ind2=" ">
    <subfield code="a">pcc</subfield>
  </datafield>
  <datafield tag="245" ind1="0" ind2="0">
    <subfield code="a">Governing marine living resources in the polar regions /</subfield>
    <subfield code="c">Nengye Liu, Adelaide Law School, The University of Adelaide, Australia; Cassandra M. Brooks, Environmental Studies Programme, University of Colorado Boulder, USA; Tianbao Qin, School of Law, Wuhan University, China.</subfield>
  </datafield>
  <datafield tag="264" ind1=" " ind2="1">
    <subfield code="a">Northampton :</subfield>
    <subfield code="b">Edward Elgar Publishing,</subfield>
    <subfield code="c">2019.</subfield>
  </datafield>
  <datafield tag="300" ind1=" " ind2=" ">
    <subfield code="a">244 pages :</subfield>
    <subfield code="b">illustrations ;</subfield>
    <subfield code="c">25 cm.</subfield>
  </datafield>
  <datafield tag="336" ind1=" " ind2=" ">
    <subfield code="a">text</subfield>
    <subfield code="b">txt</subfield>
    <subfield code="2">rdacontent</subfield>
  </datafield>
  <datafield tag="337" ind1=" " ind2=" ">
    <subfield code="a">unmediated</subfield>
    <subfield code="b">n</subfield>
    <subfield code="2">rdamedia</subfield>
  </datafield>
  <datafield tag="338" ind1=" " ind2=" ">
    <subfield code="a">volume</subfield>
    <subfield code="b">nc</subfield>
    <subfield code="2">rdacarrier</subfield>
  </datafield>
  <datafield tag="490" ind1="0" ind2=" ">
    <subfield code="a">New horizons in environmental and energy law series</subfield>
  </datafield>
  <datafield tag="504" ind1=" " ind2=" ">
    <subfield code="a">Includes bibliographical references and index.</subfield>
  </datafield>
  <datafield tag="520" ind1=" " ind2=" ">
    <subfield code="a">&quot;Bringing together leading scholars from across a diverse range of disciplines, this unique book examines a key question: How can we best conserve marine living resources in the Polar regions, where climate change effects and human activities are particularly pressing? Part one of this timely book focuses on Antarctica, centring on the evolving work of the Commission for the Conservation of Antarctic Marine Living Resources in managing the marine living resources of the Southern Ocean. Part two explores the multi-level governance regime in the Arctic, analysing the central Arctic Ocean fisheries agreement, the role of the Arctic Council and law and governance in Arctic states. Finally, part three considers some of the new challenges and opportunities, including new technology, bioprospecting and dispute settlement. Providing a comprehensive assessment of the governance regimes of marine living resources in the Polar regions, this book will be of great interest to academics, NGOs, international organizations and government officials, whilst also being a key resource for practitioners working in the fisheries industries&quot;--</subfield>
    <subfield code="c">Provided by publisher.</subfield>
  </datafield>
  <datafield tag="700" ind1="1" ind2=" ">
    <subfield code="a">Liu, Nengye,</subfield>
    <subfield code="e">editor.</subfield>
  </datafield>
  <datafield tag="700" ind1="1" ind2=" ">
    <subfield code="a">Brooks, Cassandra M.,</subfield>
    <subfield code="e">editor.</subfield>
  </datafield>
  <datafield tag="700" ind1="1" ind2=" ">
    <subfield code="a">Qin,Tianbao,</subfield>
    <subfield code="e">editor.</subfield>
  </datafield>
</record>