
<record>
  <leader>02325cam a22002775i 4500</leader>
  <controlfield tag="001">21212170</controlfield>
  <controlfield tag="005">20200102104602.0</controlfield>
  <controlfield tag="008">190919s2019    miu           000 0 eng  </controlfield>
  <datafield tag="906" ind1=" " ind2=" ">
    <subfield code="a">0</subfield>
    <subfield code="b">ibc</subfield>
    <subfield code="c">orignew</subfield>
    <subfield code="d">2</subfield>
    <subfield code="e">epcn</subfield>
    <subfield code="f">20</subfield>
    <subfield code="g">y-gencatlg</subfield>
  </datafield>
  <datafield tag="925" ind1="0" ind2=" ">
    <subfield code="a">acquire</subfield>
    <subfield code="b">1 shelf copy</subfield>
    <subfield code="x">policy default</subfield>
  </datafield>
  <datafield tag="955" ind1=" " ind2=" ">
    <subfield code="b">xd14 2019-09-19</subfield>
    <subfield code="a">xn11 2020-01-02 1 copy rec&apos;d., to USASH</subfield>
  </datafield>
  <datafield tag="010" ind1=" " ind2=" ">
    <subfield code="a">  2019950951</subfield>
  </datafield>
  <datafield tag="020" ind1=" " ind2=" ">
    <subfield code="a">9781734034400</subfield>
    <subfield code="q">(paperback)</subfield>
  </datafield>
  <datafield tag="020" ind1=" " ind2=" ">
    <subfield code="z">9781734034417</subfield>
    <subfield code="q">(ebook)</subfield>
  </datafield>
  <datafield tag="040" ind1=" " ind2=" ">
    <subfield code="a">DLC</subfield>
    <subfield code="b">eng</subfield>
    <subfield code="e">rda</subfield>
    <subfield code="c">DLC</subfield>
  </datafield>
  <datafield tag="042" ind1=" " ind2=" ">
    <subfield code="a">pcc</subfield>
  </datafield>
  <datafield tag="100" ind1="1" ind2=" ">
    <subfield code="a">Field, Emily Dubin,</subfield>
    <subfield code="e">author.</subfield>
  </datafield>
  <datafield tag="245" ind1="1" ind2="0">
    <subfield code="a">Experiencing surrogacy :</subfield>
    <subfield code="b">perspective and advice from a surrogate&apos;s and intended parent&apos;s pregnancy journey together /</subfield>
    <subfield code="c">Emily Dubin Field, Melissa Fleck.</subfield>
  </datafield>
  <datafield tag="263" ind1=" " ind2=" ">
    <subfield code="a">1911</subfield>
  </datafield>
  <datafield tag="264" ind1=" " ind2="1">
    <subfield code="a">Ann Arbor :</subfield>
    <subfield code="b">Van Rye Publishing, LLC,</subfield>
    <subfield code="c">2019.</subfield>
  </datafield>
  <datafield tag="300" ind1=" " ind2=" ">
    <subfield code="a">pages cm</subfield>
  </datafield>
  <datafield tag="336" ind1=" " ind2=" ">
    <subfield code="a">text</subfield>
    <subfield code="b">txt</subfield>
    <subfield code="2">rdacontent</subfield>
  </datafield>
  <datafield tag="337" ind1=" " ind2=" ">
    <subfield code="a">unmediated</subfield>
    <subfield code="b">n</subfield>
    <subfield code="2">rdamedia</subfield>
  </datafield>
  <datafield tag="338" ind1=" " ind2=" ">
    <subfield code="a">volume</subfield>
    <subfield code="b">nc</subfield>
    <subfield code="2">rdacarrier</subfield>
  </datafield>
  <datafield tag="520" ind1=" " ind2=" ">
    <subfield code="a">&quot;EXPERIENCING SURROGACY is the true story of how a beautiful girl named Ava arrived in our world through a years-long collaboration of patience, determination, love, friendship, and professionalism between two couples, their families, and a host of professionals. The story is told, step by step, from the respective perspectives of the book&apos;s authors: Melissa, the gestational surrogate who carried and gave birth to Ava, and Emily, Ava&apos;s intended parent and mother. In telling the story, the authors provide the reader with a unique look into and candid advice about every step in the surrogacy process from the two most important sides of the surrogacy experience. Surrogacy is a unique, beautiful, and challenging way to have a baby. Whether you are looking into surrogacy as an intended parent or surrogate, are a professional in a related field, or are simply curious about surrogacy and want to know more, the authors hope that through you reading about their experiences and hearing their advice, you will feel more informed about the surrogacy process. No matter your level of existing knowledge or reason for interest, if you choose to read this book, then you are guaranteed to learn something new about surrogacy. And you will be treated to a beautiful story, that is both fascinating and joyous, along the way&quot;--</subfield>
    <subfield code="c">Provided by publisher.</subfield>
  </datafield>
  <datafield tag="700" ind1="1" ind2=" ">
    <subfield code="a">Fleck, Melissa,</subfield>
    <subfield code="e">author.</subfield>
  </datafield>
</record>