
<record>
  <leader>07361cem a2201381 i 4500</leader>
  <controlfield tag="001">21214870</controlfield>
  <controlfield tag="005">20200102154636.0</controlfield>
  <controlfield tag="007">aj canzn</controlfield>
  <controlfield tag="008">190923s2014    cc ag     a  f  0   chi d</controlfield>
  <datafield tag="906" ind1=" " ind2=" ">
    <subfield code="a">7</subfield>
    <subfield code="b">cbc</subfield>
    <subfield code="c">copycat</subfield>
    <subfield code="d">u</subfield>
    <subfield code="e">ncip</subfield>
    <subfield code="f">20</subfield>
    <subfield code="g">y-geogmaps</subfield>
  </datafield>
  <datafield tag="925" ind1="0" ind2=" ">
    <subfield code="a">acquire</subfield>
    <subfield code="b">1 shelf copy</subfield>
    <subfield code="x">policy default</subfield>
  </datafield>
  <datafield tag="955" ind1=" " ind2=" ">
    <subfield code="b">ga37 2019-09-23 z-processor JACKPHY</subfield>
    <subfield code="i">ga37 2019-09-26 sent to CMT</subfield>
  </datafield>
  <datafield tag="010" ind1=" " ind2=" ">
    <subfield code="a">  2019588368</subfield>
  </datafield>
  <datafield tag="020" ind1=" " ind2=" ">
    <subfield code="a">9787562533856</subfield>
    <subfield code="q">(book)</subfield>
  </datafield>
  <datafield tag="020" ind1=" " ind2=" ">
    <subfield code="a">7562533857</subfield>
    <subfield code="q">(book)</subfield>
  </datafield>
  <datafield tag="034" ind1="1" ind2=" ">
    <subfield code="a">a</subfield>
    <subfield code="b">250000</subfield>
    <subfield code="d">E0913000</subfield>
    <subfield code="e">E0930000</subfield>
    <subfield code="f">N0350000</subfield>
    <subfield code="g">N0340000</subfield>
  </datafield>
  <datafield tag="035" ind1=" " ind2=" ">
    <subfield code="a">(OCoLC)ocn974039371</subfield>
  </datafield>
  <datafield tag="040" ind1=" " ind2=" ">
    <subfield code="a">MYG</subfield>
    <subfield code="b">eng</subfield>
    <subfield code="e">rda</subfield>
    <subfield code="c">MYG</subfield>
    <subfield code="d">OCLCO</subfield>
    <subfield code="d">OCLCQ</subfield>
    <subfield code="d">OCL</subfield>
    <subfield code="d">STF</subfield>
    <subfield code="d">OCLCA</subfield>
    <subfield code="d">OCL</subfield>
    <subfield code="d">OCLCQ</subfield>
    <subfield code="d">DLC</subfield>
  </datafield>
  <datafield tag="042" ind1=" " ind2=" ">
    <subfield code="a">lccopycat</subfield>
  </datafield>
  <datafield tag="043" ind1=" " ind2=" ">
    <subfield code="a">a-cc-ti</subfield>
    <subfield code="a">a-cc-ts</subfield>
  </datafield>
  <datafield tag="050" ind1="0" ind2="0">
    <subfield code="a">G7822.T54C5 2014</subfield>
    <subfield code="b">.S5</subfield>
  </datafield>
  <datafield tag="052" ind1=" " ind2=" ">
    <subfield code="a">7822</subfield>
    <subfield code="b">T54</subfield>
  </datafield>
  <datafield tag="066" ind1=" " ind2=" ">
    <subfield code="c">$1</subfield>
  </datafield>
  <datafield tag="072" ind1=" " ind2="7">
    <subfield code="a">C5</subfield>
    <subfield code="2">lcg</subfield>
  </datafield>
  <datafield tag="097" ind1="0" ind2="0">
    <subfield code="a">G7822.T54C5 2014</subfield>
    <subfield code="b">.S53</subfield>
  </datafield>
  <datafield tag="110" ind1="1" ind2=" ">
    <subfield code="6">880-01</subfield>
    <subfield code="a">Sichuan Sheng (China).</subfield>
    <subfield code="b">Di zhi diao cha yuan,</subfield>
    <subfield code="e">compiler.</subfield>
  </datafield>
  <datafield tag="880" ind1="1" ind2=" ">
    <subfield code="6">110-01/$1</subfield>
    <subfield code="a"> (China).</subfield>
    <subfield code="b">,</subfield>
    <subfield code="e">compiler.</subfield>
  </datafield>
  <datafield tag="245" ind1="1" ind2="0">
    <subfield code="6">880-02</subfield>
    <subfield code="a">Zhonghua Renmin Gongheguo di zhi tu :</subfield>
    <subfield code="b">I46C002002 (Tuotuo He fu) /</subfield>
    <subfield code="c">xiang mu fu ze, Wang Youming, Yin Xianke ; bian xie dan wei, Sichuan Sheng Di zhi diao cha yuan.</subfield>
  </datafield>
  <datafield tag="880" ind1="1" ind2="0">
    <subfield code="6">245-02/$1</subfield>
    <subfield code="a"> :</subfield>
    <subfield code="b">I46C002002 () /</subfield>
    <subfield code="c">,  ; , .</subfield>
  </datafield>
  <datafield tag="246" ind1="1" ind2=" ">
    <subfield code="6">880-03</subfield>
    <subfield code="i">Sheet title:</subfield>
    <subfield code="a">Tuotuo He fu</subfield>
  </datafield>
  <datafield tag="880" ind1="1" ind2=" ">
    <subfield code="6">246-03/$1</subfield>
    <subfield code="i">Sheet title:</subfield>
    <subfield code="a"></subfield>
  </datafield>
  <datafield tag="246" ind1="1" ind2=" ">
    <subfield code="6">880-04</subfield>
    <subfield code="i">Report book title:</subfield>
    <subfield code="a">Zhonghua Renmin Gongheguo qu yu di zhi diao cha bao gao.</subfield>
    <subfield code="p">Geji Xian fu (I46C002002)</subfield>
  </datafield>
  <datafield tag="880" ind1="1" ind2=" ">
    <subfield code="6">246-04/$1</subfield>
    <subfield code="i">Report book title:</subfield>
    <subfield code="a">.</subfield>
    <subfield code="b"> I46C002002)</subfield>
  </datafield>
  <datafield tag="250" ind1=" " ind2=" ">
    <subfield code="6">880-05</subfield>
    <subfield code="a">Di 1 ban.</subfield>
  </datafield>
  <datafield tag="880" ind1=" " ind2=" ">
    <subfield code="6">250-05/$1</subfield>
    <subfield code="a">1.</subfield>
  </datafield>
  <datafield tag="255" ind1=" " ind2=" ">
    <subfield code="a">Scale 1:250,000</subfield>
    <subfield code="c">(E 9130--E 9300/N 3500--N 3400).</subfield>
  </datafield>
  <datafield tag="264" ind1=" " ind2="1">
    <subfield code="6">880-06</subfield>
    <subfield code="a">Wuhan Shi :</subfield>
    <subfield code="b">Zhongguo di zhi da xue chu ban she,</subfield>
    <subfield code="c">2013.</subfield>
  </datafield>
  <datafield tag="880" ind1=" " ind2="1">
    <subfield code="6">264-06/$1</subfield>
    <subfield code="a"> :</subfield>
    <subfield code="b">,</subfield>
    <subfield code="c">2014.</subfield>
  </datafield>
  <datafield tag="300" ind1=" " ind2=" ">
    <subfield code="a">1 map :</subfield>
    <subfield code="b">color ;</subfield>
    <subfield code="c">45 x 56 cm, on sheet 70 x 100 cm, folded to 28 x 20 cm, in case 33 x 25 x 4 cm +</subfield>
    <subfield code="e">1 report book (6 unnumbered, 269 pages, 11 pages of plates : illustrations (some color), maps (some color) ; 29 cm)</subfield>
  </datafield>
  <datafield tag="336" ind1=" " ind2=" ">
    <subfield code="a">cartographic image</subfield>
    <subfield code="b">cri</subfield>
    <subfield code="2">rdacontent</subfield>
  </datafield>
  <datafield tag="337" ind1=" " ind2=" ">
    <subfield code="a">unmediated</subfield>
    <subfield code="b">n</subfield>
    <subfield code="2">rdamedia</subfield>
  </datafield>
  <datafield tag="338" ind1=" " ind2=" ">
    <subfield code="a">sheet</subfield>
    <subfield code="b">nb</subfield>
    <subfield code="2">rdacarrier</subfield>
  </datafield>
  <datafield tag="336" ind1=" " ind2=" ">
    <subfield code="3">accompanying material</subfield>
    <subfield code="a">text</subfield>
    <subfield code="b">txt</subfield>
    <subfield code="2">rdacontent</subfield>
  </datafield>
  <datafield tag="338" ind1=" " ind2=" ">
    <subfield code="3">accompanying material</subfield>
    <subfield code="a">volume</subfield>
    <subfield code="b">nc</subfield>
    <subfield code="2">rdacarrier</subfield>
  </datafield>
  <datafield tag="490" ind1="1" ind2=" ">
    <subfield code="6">880-07</subfield>
    <subfield code="a">Zhongguo di zhi diao cha ju Qing Zang Gaoyuan 1:25 wan qu yu di zhi diao cha cheng guo xi lie ;</subfield>
    <subfield code="v">I46C002002</subfield>
  </datafield>
  <datafield tag="880" ind1="1" ind2=" ">
    <subfield code="6">490-07/$1</subfield>
    <subfield code="a">1:25 ;</subfield>
    <subfield code="v">I46C002002</subfield>
  </datafield>
  <datafield tag="500" ind1=" " ind2=" ">
    <subfield code="a">Relief shown by contours and spot heights.</subfield>
  </datafield>
  <datafield tag="500" ind1=" " ind2=" ">
    <subfield code="a">Includes location chart, 3 cross sections, 2 ancillary maps and geologic time tables.</subfield>
  </datafield>
  <datafield tag="500" ind1=" " ind2=" ">
    <subfield code="a">Chinese text on verso.</subfield>
  </datafield>
  <datafield tag="504" ind1=" " ind2=" ">
    <subfield code="a">Accompanying report Includes bibliographical references.</subfield>
  </datafield>
  <datafield tag="650" ind1=" " ind2="0">
    <subfield code="6">880-09</subfield>
    <subfield code="a">Geology</subfield>
    <subfield code="z">Tibet, Plateau of</subfield>
    <subfield code="v">Maps.</subfield>
  </datafield>
  <datafield tag="880" ind1=" " ind2="4">
    <subfield code="6">650-09/$1</subfield>
    <subfield code="a">Geology</subfield>
    <subfield code="z"></subfield>
    <subfield code="v">Maps.</subfield>
  </datafield>
  <datafield tag="650" ind1=" " ind2="0">
    <subfield code="6">880-10</subfield>
    <subfield code="a">Geology</subfield>
    <subfield code="z">China</subfield>
    <subfield code="z">Qinghai Sheng</subfield>
    <subfield code="v">Maps.</subfield>
  </datafield>
  <datafield tag="880" ind1=" " ind2="4">
    <subfield code="6">650-10/$1</subfield>
    <subfield code="a">Geology</subfield>
    <subfield code="z">China</subfield>
    <subfield code="z"></subfield>
    <subfield code="v">Maps.</subfield>
  </datafield>
  <datafield tag="650" ind1=" " ind2="0">
    <subfield code="6">880-11</subfield>
    <subfield code="a">Geology</subfield>
    <subfield code="z">China</subfield>
    <subfield code="z">Tibet Autonomous Region</subfield>
    <subfield code="v">Maps.</subfield>
  </datafield>
  <datafield tag="880" ind1=" " ind2="4">
    <subfield code="6">650-11/$1</subfield>
    <subfield code="a">Geology</subfield>
    <subfield code="z"></subfield>
    <subfield code="z"></subfield>
    <subfield code="v">Maps.</subfield>
  </datafield>
  <datafield tag="650" ind1=" " ind2="0">
    <subfield code="6">880-12</subfield>
    <subfield code="a">Rivers</subfield>
    <subfield code="z">China</subfield>
    <subfield code="z">Qinghai Sheng</subfield>
    <subfield code="v">Maps.</subfield>
  </datafield>
  <datafield tag="880" ind1=" " ind2="4">
    <subfield code="6">650-12/$1</subfield>
    <subfield code="a">Rivers</subfield>
    <subfield code="z">China</subfield>
    <subfield code="z"></subfield>
    <subfield code="v">Maps.</subfield>
  </datafield>
  <datafield tag="650" ind1=" " ind2="0">
    <subfield code="6">880-13</subfield>
    <subfield code="a">Rivers</subfield>
    <subfield code="z">China</subfield>
    <subfield code="z">Tibet Autonomous Region</subfield>
    <subfield code="v">Maps.</subfield>
  </datafield>
  <datafield tag="880" ind1=" " ind2="4">
    <subfield code="6">650-13/$1</subfield>
    <subfield code="a">Rivers</subfield>
    <subfield code="z"></subfield>
    <subfield code="z"></subfield>
    <subfield code="v">Maps.</subfield>
  </datafield>
  <datafield tag="650" ind1=" " ind2="0">
    <subfield code="6">880-14</subfield>
    <subfield code="a">Geology</subfield>
    <subfield code="z">China</subfield>
    <subfield code="v">Maps.</subfield>
  </datafield>
  <datafield tag="880" ind1=" " ind2="4">
    <subfield code="6">650-14/$1</subfield>
    <subfield code="a">Geology</subfield>
    <subfield code="z"></subfield>
    <subfield code="v">Maps.</subfield>
  </datafield>
  <datafield tag="651" ind1=" " ind2="0">
    <subfield code="6">880-15</subfield>
    <subfield code="a">Tuotuo He (Qinghai Sheng and Tibet Autonomous Region, China)</subfield>
    <subfield code="v">Maps.</subfield>
  </datafield>
  <datafield tag="880" ind1=" " ind2="4">
    <subfield code="6">651-15/$1</subfield>
    <subfield code="a"> ( and , )</subfield>
    <subfield code="v">Maps.</subfield>
  </datafield>
  <datafield tag="651" ind1=" " ind2="0">
    <subfield code="6">880-16</subfield>
    <subfield code="a">Tibet Autonomous Region (China)</subfield>
    <subfield code="v">Maps.</subfield>
  </datafield>
  <datafield tag="880" ind1=" " ind2="4">
    <subfield code="6">651-16/$1</subfield>
    <subfield code="a"> ()</subfield>
    <subfield code="v">Maps.</subfield>
  </datafield>
  <datafield tag="651" ind1=" " ind2="0">
    <subfield code="6">880-17</subfield>
    <subfield code="a">Tibet, Plateau of</subfield>
    <subfield code="v">Maps.</subfield>
  </datafield>
  <datafield tag="880" ind1=" " ind2="4">
    <subfield code="6">651-17/$1</subfield>
    <subfield code="a"></subfield>
    <subfield code="v">Maps.</subfield>
  </datafield>
  <datafield tag="651" ind1=" " ind2="0">
    <subfield code="6">880-18</subfield>
    <subfield code="a">Qinghai Sheng (China)</subfield>
    <subfield code="v">Maps.</subfield>
  </datafield>
  <datafield tag="880" ind1=" " ind2="4">
    <subfield code="6">651-18/$1</subfield>
    <subfield code="a"> (China)</subfield>
    <subfield code="v">Maps.</subfield>
  </datafield>
  <datafield tag="651" ind1=" " ind2="0">
    <subfield code="6">880-19</subfield>
    <subfield code="a">Yangtze River (China)</subfield>
    <subfield code="v">Maps.</subfield>
  </datafield>
  <datafield tag="880" ind1=" " ind2="4">
    <subfield code="6">651-19/$1</subfield>
    <subfield code="a"> ()</subfield>
    <subfield code="v">Maps.</subfield>
  </datafield>
  <datafield tag="651" ind1=" " ind2="0">
    <subfield code="6">880-20</subfield>
    <subfield code="a">China</subfield>
    <subfield code="v">Maps.</subfield>
  </datafield>
  <datafield tag="880" ind1=" " ind2="4">
    <subfield code="6">651-20/$1</subfield>
    <subfield code="a"></subfield>
    <subfield code="v">Maps.</subfield>
  </datafield>
  <datafield tag="880" ind1=" " ind2="4">
    <subfield code="6">650-21/$1</subfield>
    <subfield code="a">Geology</subfield>
    <subfield code="z"> ( and , )</subfield>
    <subfield code="v">Maps.</subfield>
  </datafield>
  <datafield tag="880" ind1=" " ind2="4">
    <subfield code="6">650-22/$1</subfield>
    <subfield code="a">Geology</subfield>
    <subfield code="z"></subfield>
    <subfield code="v">Maps.</subfield>
  </datafield>
  <datafield tag="880" ind1=" " ind2="4">
    <subfield code="6">650-23/$1</subfield>
    <subfield code="a">Geology</subfield>
    <subfield code="z">China</subfield>
    <subfield code="z"></subfield>
    <subfield code="v">Maps.</subfield>
  </datafield>
  <datafield tag="880" ind1=" " ind2="4">
    <subfield code="6">650-24/$1</subfield>
    <subfield code="a">Geology</subfield>
    <subfield code="z"></subfield>
    <subfield code="z"></subfield>
    <subfield code="v">Maps.</subfield>
  </datafield>
  <datafield tag="880" ind1=" " ind2="4">
    <subfield code="6">650-25/$1</subfield>
    <subfield code="a">Rivers</subfield>
    <subfield code="z">China</subfield>
    <subfield code="z"></subfield>
    <subfield code="v">Maps.</subfield>
  </datafield>
  <datafield tag="880" ind1=" " ind2="4">
    <subfield code="6">650-26/$1</subfield>
    <subfield code="a">Rivers</subfield>
    <subfield code="z"></subfield>
    <subfield code="z"></subfield>
    <subfield code="v">Maps.</subfield>
  </datafield>
  <datafield tag="880" ind1=" " ind2="4">
    <subfield code="6">650-27/$1</subfield>
    <subfield code="a">Geology</subfield>
    <subfield code="z"></subfield>
    <subfield code="v">Maps.</subfield>
  </datafield>
  <datafield tag="880" ind1=" " ind2="4">
    <subfield code="6">651-28/$1</subfield>
    <subfield code="a"> ( and , )</subfield>
    <subfield code="v">Maps.</subfield>
  </datafield>
  <datafield tag="880" ind1=" " ind2="4">
    <subfield code="6">651-29/$1</subfield>
    <subfield code="a"> ()</subfield>
    <subfield code="v">Maps.</subfield>
  </datafield>
  <datafield tag="880" ind1=" " ind2="4">
    <subfield code="6">651-30/$1</subfield>
    <subfield code="a"></subfield>
    <subfield code="v">Maps.</subfield>
  </datafield>
  <datafield tag="880" ind1=" " ind2="4">
    <subfield code="6">651-31/$1</subfield>
    <subfield code="a"> (China)</subfield>
    <subfield code="v">Maps.</subfield>
  </datafield>
  <datafield tag="880" ind1=" " ind2="4">
    <subfield code="6">651-32/$1</subfield>
    <subfield code="a"> ()</subfield>
    <subfield code="v">Maps.</subfield>
  </datafield>
  <datafield tag="880" ind1=" " ind2="4">
    <subfield code="6">651-33/$1</subfield>
    <subfield code="a"></subfield>
    <subfield code="v">Maps.</subfield>
  </datafield>
  <datafield tag="650" ind1=" " ind2="4">
    <subfield code="6">880-21</subfield>
    <subfield code="a">Geology</subfield>
    <subfield code="z">Tuotuo He (Qinghai Sheng and Tibet Autonomous Region, China)</subfield>
    <subfield code="v">Maps.</subfield>
  </datafield>
  <datafield tag="650" ind1=" " ind2="4">
    <subfield code="6">880-22</subfield>
    <subfield code="a">Geology</subfield>
    <subfield code="z">Tibet, Plateau of</subfield>
    <subfield code="v">Maps.</subfield>
  </datafield>
  <datafield tag="650" ind1=" " ind2="4">
    <subfield code="6">880-23</subfield>
    <subfield code="a">Geology</subfield>
    <subfield code="z">China</subfield>
    <subfield code="z">Qinghai Sheng</subfield>
    <subfield code="v">Maps.</subfield>
  </datafield>
  <datafield tag="650" ind1=" " ind2="4">
    <subfield code="6">880-24</subfield>
    <subfield code="a">Geology</subfield>
    <subfield code="z">China</subfield>
    <subfield code="z">Tibet Autonomous Region</subfield>
    <subfield code="v">Maps.</subfield>
  </datafield>
  <datafield tag="650" ind1=" " ind2="4">
    <subfield code="6">880-25</subfield>
    <subfield code="a">Rivers</subfield>
    <subfield code="z">China</subfield>
    <subfield code="z">Qinghai Sheng</subfield>
    <subfield code="v">Maps.</subfield>
  </datafield>
  <datafield tag="650" ind1=" " ind2="4">
    <subfield code="6">880-26</subfield>
    <subfield code="a">Rivers</subfield>
    <subfield code="z">China</subfield>
    <subfield code="z">Tibet Autonomous Region</subfield>
    <subfield code="v">Maps.</subfield>
  </datafield>
  <datafield tag="650" ind1=" " ind2="4">
    <subfield code="6">880-27</subfield>
    <subfield code="a">Geology</subfield>
    <subfield code="z">China</subfield>
    <subfield code="v">Maps.</subfield>
  </datafield>
  <datafield tag="651" ind1=" " ind2="4">
    <subfield code="6">880-28</subfield>
    <subfield code="a">Tuotuo He (Qinghai Sheng and Tibet Autonomous Region, China)</subfield>
    <subfield code="v">Maps.</subfield>
  </datafield>
  <datafield tag="651" ind1=" " ind2="4">
    <subfield code="6">880-29</subfield>
    <subfield code="a">Tibet Autonomous Region (China)</subfield>
    <subfield code="v">Maps.</subfield>
  </datafield>
  <datafield tag="651" ind1=" " ind2="4">
    <subfield code="6">880-30</subfield>
    <subfield code="a">Tibet, Plateau of</subfield>
    <subfield code="v">Maps.</subfield>
  </datafield>
  <datafield tag="651" ind1=" " ind2="4">
    <subfield code="6">880-31</subfield>
    <subfield code="a">Qinghai Sheng (China)</subfield>
    <subfield code="v">Maps.</subfield>
  </datafield>
  <datafield tag="651" ind1=" " ind2="4">
    <subfield code="6">880-32</subfield>
    <subfield code="a">Yangtze River (China)</subfield>
    <subfield code="v">Maps.</subfield>
  </datafield>
  <datafield tag="651" ind1=" " ind2="4">
    <subfield code="6">880-33</subfield>
    <subfield code="a">China</subfield>
    <subfield code="v">Maps.</subfield>
  </datafield>
  <datafield tag="651" ind1=" " ind2="7">
    <subfield code="a">China</subfield>
    <subfield code="z">Yangtze River.</subfield>
    <subfield code="2">fast</subfield>
    <subfield code="0">(OCoLC)fst01243802</subfield>
  </datafield>
  <datafield tag="651" ind1=" " ind2="7">
    <subfield code="a">China</subfield>
    <subfield code="z">Qinghai Sheng.</subfield>
    <subfield code="2">fast</subfield>
    <subfield code="0">(OCoLC)fst01211719</subfield>
  </datafield>
  <datafield tag="651" ind1=" " ind2="7">
    <subfield code="a">China</subfield>
    <subfield code="z">Plateau of Tibet.</subfield>
    <subfield code="2">fast</subfield>
    <subfield code="0">(OCoLC)fst01333961</subfield>
  </datafield>
  <datafield tag="651" ind1=" " ind2="7">
    <subfield code="a">China.</subfield>
    <subfield code="2">fast</subfield>
    <subfield code="0">(OCoLC)fst01206073</subfield>
  </datafield>
  <datafield tag="651" ind1=" " ind2="7">
    <subfield code="a">China</subfield>
    <subfield code="z">Tibet Autonomous Region.</subfield>
    <subfield code="2">fast</subfield>
    <subfield code="0">(OCoLC)fst01758817</subfield>
  </datafield>
  <datafield tag="650" ind1=" " ind2="7">
    <subfield code="a">Geology.</subfield>
    <subfield code="2">fast</subfield>
    <subfield code="0">(OCoLC)fst00940627</subfield>
  </datafield>
  <datafield tag="650" ind1=" " ind2="7">
    <subfield code="a">Rivers.</subfield>
    <subfield code="2">fast</subfield>
    <subfield code="0">(OCoLC)fst01098312</subfield>
  </datafield>
  <datafield tag="655" ind1=" " ind2="7">
    <subfield code="a">Maps.</subfield>
    <subfield code="2">fast</subfield>
    <subfield code="0">(OCoLC)fst01423704</subfield>
  </datafield>
  <datafield tag="655" ind1=" " ind2="7">
    <subfield code="a">Geological maps</subfield>
    <subfield code="2">fast</subfield>
    <subfield code="0">(OCoLC)fst01774269</subfield>
  </datafield>
  <datafield tag="655" ind1=" " ind2="7">
    <subfield code="a">Geological maps.</subfield>
    <subfield code="2">lcgft</subfield>
  </datafield>
  <datafield tag="700" ind1="1" ind2=" ">
    <subfield code="6">880-34</subfield>
    <subfield code="a">Deng, Zhonglin,</subfield>
    <subfield code="e">cartographer.</subfield>
  </datafield>
  <datafield tag="880" ind1="1" ind2=" ">
    <subfield code="6">700-34/$1</subfield>
    <subfield code="a">,</subfield>
    <subfield code="e">cartographer.</subfield>
  </datafield>
  <datafield tag="710" ind1="2" ind2=" ">
    <subfield code="6">880-35</subfield>
    <subfield code="a">Zhongguo di zhi da xue chu ban she,</subfield>
    <subfield code="e">issuing body.</subfield>
  </datafield>
  <datafield tag="880" ind1="2" ind2=" ">
    <subfield code="6">710-35/$1</subfield>
    <subfield code="a">.</subfield>
    <subfield code="b">,</subfield>
    <subfield code="e">issuing body.</subfield>
  </datafield>
  <datafield tag="773" ind1="0" ind2="8">
    <subfield code="i">Contained in (work) :</subfield>
    <subfield code="t">Zhonghua Renmin Gongheguo di zhi tu</subfield>
    <subfield code="d">Wuhan Shi : Zhongguo di zhi da xue chu ban she, 2010-</subfield>
    <subfield code="h">maps : color ; 45 x 57 cm or smaller</subfield>
    <subfield code="w">(DLC) 2019588356</subfield>
  </datafield>
  <datafield tag="830" ind1=" " ind2="0">
    <subfield code="6">880-36</subfield>
    <subfield code="a">Qing Zang Gaoyuan 1:25 wan qu yu di zhi diao cha cheng guo xi lie (China. Di zhi diao cha ju) ;</subfield>
    <subfield code="v">I46C002002.</subfield>
  </datafield>
  <datafield tag="880" ind1=" " ind2="0">
    <subfield code="6">830-36/$1</subfield>
    <subfield code="a">1:25 (. ) ;</subfield>
    <subfield code="v">I46C002002.</subfield>
  </datafield>
  <datafield tag="952" ind1=" " ind2=" ">
    <subfield code="a">Filed as map under G7822.T54C5 s250 .Z5. Text filed under: G7822.T54C5 s250 .Z5 Shelf</subfield>
  </datafield>
</record>