
<record>
  <leader>06650cem a22011055i 4500</leader>
  <controlfield tag="001">21214875</controlfield>
  <controlfield tag="005">20200102160505.0</controlfield>
  <controlfield tag="007">aj canzn</controlfield>
  <controlfield tag="008">190923s2013    cc a      a  f  0   chi d</controlfield>
  <datafield tag="906" ind1=" " ind2=" ">
    <subfield code="a">7</subfield>
    <subfield code="b">cbc</subfield>
    <subfield code="c">copycat</subfield>
    <subfield code="d">u</subfield>
    <subfield code="e">ncip</subfield>
    <subfield code="f">20</subfield>
    <subfield code="g">y-geogmaps</subfield>
  </datafield>
  <datafield tag="925" ind1="0" ind2=" ">
    <subfield code="a">acquire</subfield>
    <subfield code="b">1 shelf copy</subfield>
    <subfield code="x">policy default</subfield>
  </datafield>
  <datafield tag="955" ind1=" " ind2=" ">
    <subfield code="b">ga37 2019-09-23 z-processor JACKPHY</subfield>
    <subfield code="i">ga37 2019-09-26 sent to CMT</subfield>
  </datafield>
  <datafield tag="010" ind1=" " ind2=" ">
    <subfield code="a">  2019588369</subfield>
  </datafield>
  <datafield tag="020" ind1=" " ind2=" ">
    <subfield code="a">9787562529743</subfield>
    <subfield code="q">(book)</subfield>
  </datafield>
  <datafield tag="020" ind1=" " ind2=" ">
    <subfield code="a">7562529744</subfield>
    <subfield code="q">(book)</subfield>
  </datafield>
  <datafield tag="034" ind1="1" ind2=" ">
    <subfield code="a">a</subfield>
    <subfield code="b">250000</subfield>
    <subfield code="d">E0943000</subfield>
    <subfield code="e">E0963000</subfield>
    <subfield code="f">N0350000</subfield>
    <subfield code="g">N0340000</subfield>
  </datafield>
  <datafield tag="035" ind1=" " ind2=" ">
    <subfield code="a">(OCoLC)ocn927688237</subfield>
  </datafield>
  <datafield tag="040" ind1=" " ind2=" ">
    <subfield code="a">MYG</subfield>
    <subfield code="b">eng</subfield>
    <subfield code="e">rda</subfield>
    <subfield code="c">MYG</subfield>
    <subfield code="d">OCLCO</subfield>
    <subfield code="d">OCLCQ</subfield>
    <subfield code="d">OCLCO</subfield>
    <subfield code="d">OCLCF</subfield>
    <subfield code="d">OCLCO</subfield>
    <subfield code="d">DLC</subfield>
  </datafield>
  <datafield tag="042" ind1=" " ind2=" ">
    <subfield code="a">lccopycat</subfield>
  </datafield>
  <datafield tag="043" ind1=" " ind2=" ">
    <subfield code="a">a-cc-ti</subfield>
  </datafield>
  <datafield tag="050" ind1="0" ind2="0">
    <subfield code="a">G7822.T54C5 2013</subfield>
    <subfield code="b">.W8</subfield>
  </datafield>
  <datafield tag="052" ind1=" " ind2=" ">
    <subfield code="a">7822</subfield>
    <subfield code="b">T54</subfield>
  </datafield>
  <datafield tag="066" ind1=" " ind2=" ">
    <subfield code="c">$1</subfield>
  </datafield>
  <datafield tag="097" ind1="0" ind2="0">
    <subfield code="a">G7822.T54C5 2013</subfield>
    <subfield code="b">.W84</subfield>
  </datafield>
  <datafield tag="110" ind1="2" ind2=" ">
    <subfield code="6">880-01</subfield>
    <subfield code="a">Wuhan di zhi kuang chan yan jiu suo,</subfield>
    <subfield code="e">compiler.</subfield>
  </datafield>
  <datafield tag="880" ind1="2" ind2=" ">
    <subfield code="6">110-01/$1</subfield>
    <subfield code="a">,</subfield>
    <subfield code="e">compiler.</subfield>
  </datafield>
  <datafield tag="245" ind1="1" ind2="0">
    <subfield code="6">880-02</subfield>
    <subfield code="a">Zhonghua Renmin Gongheguo di zhi tu :</subfield>
    <subfield code="b">I46C002004 (Qumacai Xian fu) /</subfield>
    <subfield code="c">Duan Qifa, Niu Zhijun ; jishu fu ze, Bai Yunshan ; zho yao tian tu ren yuan, Duan Qifa (and 8 others) ; bian tu, Niu Zhijun, Zhao Xiaoming ; bian xie dan wei, Zhongguo di zhi diao cha ju Wuhan di zhi diao cha zhong xin, Wuhan di zhi kuang chan yan jiu suo.</subfield>
  </datafield>
  <datafield tag="880" ind1="1" ind2="0">
    <subfield code="6">245-02/$1</subfield>
    <subfield code="a"> :</subfield>
    <subfield code="b">I46C002004 () /</subfield>
    <subfield code="c">, ,  ; ,  ; ,  (and 8 others) ; , ,  ; , , .</subfield>
  </datafield>
  <datafield tag="246" ind1="1" ind2=" ">
    <subfield code="6">880-03</subfield>
    <subfield code="i">Sheet title:</subfield>
    <subfield code="a">Qumacai Xian fu</subfield>
  </datafield>
  <datafield tag="880" ind1="1" ind2=" ">
    <subfield code="6">246-03/$1</subfield>
    <subfield code="i">Sheet title:</subfield>
    <subfield code="a"></subfield>
  </datafield>
  <datafield tag="246" ind1="1" ind2=" ">
    <subfield code="6">880-04</subfield>
    <subfield code="i">Report book title:</subfield>
    <subfield code="a">Zhonghua Renmin Gongheguo qu yu di zhi diao cha bao gao.</subfield>
    <subfield code="p">Qumacai Xian fu (I46C002004)</subfield>
  </datafield>
  <datafield tag="880" ind1="1" ind2=" ">
    <subfield code="6">246-04/$1</subfield>
    <subfield code="i">Report book title:</subfield>
    <subfield code="a">.</subfield>
    <subfield code="p"> (I46C002004)</subfield>
  </datafield>
  <datafield tag="250" ind1=" " ind2=" ">
    <subfield code="6">880-05</subfield>
    <subfield code="a">Di 1 ban.</subfield>
  </datafield>
  <datafield tag="880" ind1=" " ind2=" ">
    <subfield code="6">250-05/$1</subfield>
    <subfield code="a">1.</subfield>
  </datafield>
  <datafield tag="255" ind1=" " ind2=" ">
    <subfield code="a">Scale 1:250,000</subfield>
    <subfield code="c">(E 8700--E 8830/N 3400--N 3300).</subfield>
  </datafield>
  <datafield tag="264" ind1=" " ind2="1">
    <subfield code="6">880-06</subfield>
    <subfield code="a">Wuhan Shi :</subfield>
    <subfield code="b">Zhongguo di zhi da xue chu ban she,</subfield>
    <subfield code="c">2010.</subfield>
  </datafield>
  <datafield tag="880" ind1=" " ind2="1">
    <subfield code="6">264-06/$1</subfield>
    <subfield code="a"> :</subfield>
    <subfield code="b">,</subfield>
    <subfield code="c">2010.</subfield>
  </datafield>
  <datafield tag="300" ind1=" " ind2=" ">
    <subfield code="a">1 map :</subfield>
    <subfield code="b">color ;</subfield>
    <subfield code="c">45 x 56 cm, on sheet 70 x 100 cm, folded to 28 x 20 cm, in case 33 x 25 x 4 cm +</subfield>
    <subfield code="e">1 report book (232 pages, 15 pages of plates : illustrations (some color), maps ; 29 cm).</subfield>
  </datafield>
  <datafield tag="336" ind1=" " ind2=" ">
    <subfield code="a">cartographic image</subfield>
    <subfield code="b">cri</subfield>
    <subfield code="2">rdacontent</subfield>
  </datafield>
  <datafield tag="337" ind1=" " ind2=" ">
    <subfield code="a">unmediated</subfield>
    <subfield code="b">n</subfield>
    <subfield code="2">rdamedia</subfield>
  </datafield>
  <datafield tag="338" ind1=" " ind2=" ">
    <subfield code="a">sheet</subfield>
    <subfield code="b">nb</subfield>
    <subfield code="2">rdacarrier</subfield>
  </datafield>
  <datafield tag="336" ind1=" " ind2=" ">
    <subfield code="3">accompanying material</subfield>
    <subfield code="a">text</subfield>
    <subfield code="b">txt</subfield>
    <subfield code="2">rdacontent</subfield>
  </datafield>
  <datafield tag="338" ind1=" " ind2=" ">
    <subfield code="3">accompanying material</subfield>
    <subfield code="a">volume</subfield>
    <subfield code="b">nc</subfield>
    <subfield code="2">rdacarrier</subfield>
  </datafield>
  <datafield tag="490" ind1="1" ind2=" ">
    <subfield code="6">880-07</subfield>
    <subfield code="a">Zhongguo di zhi diao cha ju Qing Zang Gaoyuan 1:25 wan qu yu di zhi diao cha cheng guo xi lie ;</subfield>
    <subfield code="v">I46C002004</subfield>
  </datafield>
  <datafield tag="880" ind1="1" ind2=" ">
    <subfield code="6">490-07/$1</subfield>
    <subfield code="a">1:25 ;</subfield>
    <subfield code="v">I46C002004</subfield>
  </datafield>
  <datafield tag="500" ind1=" " ind2=" ">
    <subfield code="a">Relief shown by contours.</subfield>
  </datafield>
  <datafield tag="500" ind1=" " ind2=" ">
    <subfield code="a">Includes location chart, 3 cross sections, 1 ancillary map, illustrations and geologic time tables.</subfield>
  </datafield>
  <datafield tag="500" ind1=" " ind2=" ">
    <subfield code="a">Chinese text on verso.</subfield>
  </datafield>
  <datafield tag="500" ind1=" " ind2=" ">
    <subfield code="6">880-08</subfield>
    <subfield code="a">&quot;Di zhi ziliao laiyuan: 2005 nian 12 yue you Zhongguo di zhi diao cha ju shen cha pizhou di zhi tu bu fen ; dixing ziliao laiyuan: Guojia ce hui 2010 1:250 wan gong zhong ban di tu.&quot;</subfield>
  </datafield>
  <datafield tag="880" ind1=" " ind2=" ">
    <subfield code="6">500-08/$1</subfield>
    <subfield code="a">&quot;: 200512 ; :  2010 1:250 .&quot;</subfield>
  </datafield>
  <datafield tag="500" ind1=" " ind2=" ">
    <subfield code="6">880-09</subfield>
    <subfield code="a">Project title: Qinghai 1:25 wan Longxi fu qu yu di zhi diao cha; project no.: 200313000006.</subfield>
  </datafield>
  <datafield tag="880" ind1=" " ind2=" ">
    <subfield code="6">500-09/$1</subfield>
    <subfield code="a">Project title:  1:25; project no.: : 200313000006.</subfield>
  </datafield>
  <datafield tag="504" ind1=" " ind2=" ">
    <subfield code="a">Accompanying report Includes bibliographical references.</subfield>
  </datafield>
  <datafield tag="650" ind1=" " ind2="0">
    <subfield code="6">880-10</subfield>
    <subfield code="a">Geology</subfield>
    <subfield code="z">Tibet, Plateau of</subfield>
    <subfield code="v">Maps.</subfield>
  </datafield>
  <datafield tag="880" ind1=" " ind2="4">
    <subfield code="6">650-10/$1</subfield>
    <subfield code="a">Geology</subfield>
    <subfield code="z"></subfield>
    <subfield code="v">Maps.</subfield>
  </datafield>
  <datafield tag="650" ind1=" " ind2="0">
    <subfield code="6">880-11</subfield>
    <subfield code="a">Geology</subfield>
    <subfield code="z">China</subfield>
    <subfield code="z">Tibet Autonomous Region</subfield>
    <subfield code="z">Qumacai Xian</subfield>
    <subfield code="v">Maps.</subfield>
  </datafield>
  <datafield tag="880" ind1=" " ind2="4">
    <subfield code="6">650-11/$1</subfield>
    <subfield code="a">Geology</subfield>
    <subfield code="z"></subfield>
    <subfield code="z"></subfield>
    <subfield code="z"></subfield>
    <subfield code="v">Maps.</subfield>
  </datafield>
  <datafield tag="650" ind1=" " ind2="0">
    <subfield code="6">880-12</subfield>
    <subfield code="a">Geology</subfield>
    <subfield code="z">China</subfield>
    <subfield code="z">Tibet Autonomous Region</subfield>
    <subfield code="v">Maps.</subfield>
  </datafield>
  <datafield tag="880" ind1=" " ind2="4">
    <subfield code="6">650-12/$1</subfield>
    <subfield code="a">Geology</subfield>
    <subfield code="z"></subfield>
    <subfield code="z"></subfield>
    <subfield code="v">Maps.</subfield>
  </datafield>
  <datafield tag="651" ind1=" " ind2="0">
    <subfield code="6">880-13</subfield>
    <subfield code="a">Qumacai Xian (Tibet Autonomous Region, China)</subfield>
    <subfield code="v">Maps.</subfield>
  </datafield>
  <datafield tag="880" ind1=" " ind2="4">
    <subfield code="6">651-13/$1</subfield>
    <subfield code="a">(, )</subfield>
    <subfield code="v">Maps.</subfield>
  </datafield>
  <datafield tag="651" ind1=" " ind2="0">
    <subfield code="6">880-14</subfield>
    <subfield code="a">Tibet Autonomous Region (China)</subfield>
    <subfield code="v">Maps.</subfield>
  </datafield>
  <datafield tag="880" ind1=" " ind2="4">
    <subfield code="6">651-14/$1</subfield>
    <subfield code="a"> ()</subfield>
    <subfield code="v">Maps.</subfield>
  </datafield>
  <datafield tag="651" ind1=" " ind2="0">
    <subfield code="6">880-15</subfield>
    <subfield code="a">Tibet, Plateau of</subfield>
    <subfield code="v">Maps.</subfield>
  </datafield>
  <datafield tag="880" ind1=" " ind2="4">
    <subfield code="6">651-15/$1</subfield>
    <subfield code="a"></subfield>
    <subfield code="v">Maps.</subfield>
  </datafield>
  <datafield tag="650" ind1=" " ind2="0">
    <subfield code="6">880-16</subfield>
    <subfield code="a">Geology</subfield>
    <subfield code="z">China</subfield>
    <subfield code="v">Maps.</subfield>
  </datafield>
  <datafield tag="880" ind1=" " ind2="4">
    <subfield code="6">650-16/$1</subfield>
    <subfield code="a">Geology</subfield>
    <subfield code="z"></subfield>
    <subfield code="v">Maps.</subfield>
  </datafield>
  <datafield tag="651" ind1=" " ind2="0">
    <subfield code="6">880-17</subfield>
    <subfield code="a">China</subfield>
    <subfield code="v">Maps.</subfield>
  </datafield>
  <datafield tag="880" ind1=" " ind2="4">
    <subfield code="6">651-17/$1</subfield>
    <subfield code="a"></subfield>
    <subfield code="v">Maps.</subfield>
  </datafield>
  <datafield tag="650" ind1=" " ind2="7">
    <subfield code="a">Geology.</subfield>
    <subfield code="2">fast</subfield>
    <subfield code="0">(OCoLC)fst00940627</subfield>
  </datafield>
  <datafield tag="651" ind1=" " ind2="7">
    <subfield code="a">China.</subfield>
    <subfield code="2">fast</subfield>
    <subfield code="0">(OCoLC)fst01206073</subfield>
  </datafield>
  <datafield tag="651" ind1=" " ind2="7">
    <subfield code="a">China</subfield>
    <subfield code="z">Plateau of Tibet.</subfield>
    <subfield code="2">fast</subfield>
    <subfield code="0">(OCoLC)fst01333961</subfield>
  </datafield>
  <datafield tag="651" ind1=" " ind2="7">
    <subfield code="a">China</subfield>
    <subfield code="z">Tibet Autonomous Region.</subfield>
    <subfield code="2">fast</subfield>
    <subfield code="0">(OCoLC)fst01758817</subfield>
  </datafield>
  <datafield tag="655" ind1=" " ind2="7">
    <subfield code="a">Geological maps.</subfield>
    <subfield code="2">fast</subfield>
    <subfield code="0">(OCoLC)fst01774269</subfield>
  </datafield>
  <datafield tag="655" ind1=" " ind2="7">
    <subfield code="a">Maps.</subfield>
    <subfield code="2">fast</subfield>
    <subfield code="0">(OCoLC)fst01423704</subfield>
  </datafield>
  <datafield tag="655" ind1=" " ind2="7">
    <subfield code="a">Geological maps.</subfield>
    <subfield code="2">lcgft</subfield>
  </datafield>
  <datafield tag="700" ind1="1" ind2=" ">
    <subfield code="6">880-18</subfield>
    <subfield code="a">Duan, Qifa,</subfield>
    <subfield code="e">caretographer.</subfield>
  </datafield>
  <datafield tag="880" ind1="1" ind2=" ">
    <subfield code="6">700-18/$1</subfield>
    <subfield code="a">,</subfield>
    <subfield code="e">caretographer.</subfield>
  </datafield>
  <datafield tag="700" ind1="1" ind2=" ">
    <subfield code="6">880-19</subfield>
    <subfield code="a">Niu, Zhijun,</subfield>
    <subfield code="e">caretographer.</subfield>
  </datafield>
  <datafield tag="880" ind1="1" ind2=" ">
    <subfield code="6">700-19/$1</subfield>
    <subfield code="a">,</subfield>
    <subfield code="e">caretographer.</subfield>
  </datafield>
  <datafield tag="700" ind1="1" ind2=" ">
    <subfield code="6">880-20</subfield>
    <subfield code="a">Bai, Yunshan,</subfield>
    <subfield code="e">caretographer.</subfield>
  </datafield>
  <datafield tag="880" ind1="1" ind2=" ">
    <subfield code="6">700-20/$1</subfield>
    <subfield code="a">,</subfield>
    <subfield code="e">caretographer.</subfield>
  </datafield>
  <datafield tag="700" ind1="1" ind2=" ">
    <subfield code="6">880-21</subfield>
    <subfield code="a">Zhao, Xiaoming,</subfield>
    <subfield code="e">cartographer.</subfield>
  </datafield>
  <datafield tag="880" ind1="1" ind2=" ">
    <subfield code="6">700-21/$1</subfield>
    <subfield code="a">,</subfield>
    <subfield code="e">cartographer.</subfield>
  </datafield>
  <datafield tag="710" ind1="2" ind2=" ">
    <subfield code="6">880-22</subfield>
    <subfield code="a">Wuhan di zhi diao cha zhong xin,</subfield>
    <subfield code="e">compiler.</subfield>
  </datafield>
  <datafield tag="880" ind1="2" ind2=" ">
    <subfield code="6">710-22/$1</subfield>
    <subfield code="a">,</subfield>
    <subfield code="e">compiler.</subfield>
  </datafield>
  <datafield tag="710" ind1="1" ind2=" ">
    <subfield code="6">880-23</subfield>
    <subfield code="a">China.</subfield>
    <subfield code="b">Di zhi diao cha ju,</subfield>
    <subfield code="e">compiler.</subfield>
  </datafield>
  <datafield tag="880" ind1="1" ind2=" ">
    <subfield code="6">710-23/$1</subfield>
    <subfield code="a">.</subfield>
    <subfield code="b">,</subfield>
    <subfield code="e">compiler.</subfield>
  </datafield>
  <datafield tag="710" ind1="2" ind2=" ">
    <subfield code="6">880-24</subfield>
    <subfield code="a">Zhongguo di zhi da xue chu ban she,</subfield>
    <subfield code="e">issuing body.</subfield>
  </datafield>
  <datafield tag="880" ind1="2" ind2=" ">
    <subfield code="6">710-24/$1</subfield>
    <subfield code="a">,</subfield>
    <subfield code="e">issuing body.</subfield>
  </datafield>
  <datafield tag="773" ind1="0" ind2="8">
    <subfield code="i">Contained in (work) :</subfield>
    <subfield code="t">Zhonghua Renmin Gongheguo di zhi tu</subfield>
    <subfield code="d">Wuhan Shi : Zhongguo di zhi da xue chu ban she, 2010-</subfield>
    <subfield code="h">maps : color ; 45 x 57 cm or smaller</subfield>
    <subfield code="w">(DLC) 2019588356</subfield>
  </datafield>
  <datafield tag="830" ind1=" " ind2="0">
    <subfield code="6">880-25</subfield>
    <subfield code="a">Qing Zang Gaoyuan 1:25 wan qu yu di zhi diao cha cheng guo xi lie (China. Di zhi diao cha ju) ;</subfield>
    <subfield code="v">I46C002004.</subfield>
  </datafield>
  <datafield tag="880" ind1=" " ind2="0">
    <subfield code="6">830-25/$1</subfield>
    <subfield code="a">1:25 (. ) ;</subfield>
    <subfield code="v">I46C002004.</subfield>
  </datafield>
  <datafield tag="952" ind1=" " ind2=" ">
    <subfield code="a">Filed as map under G7822.T54C5 s250 .Z5. Text filed under: G7822.T54C5 s250 .Z5 Shelf</subfield>
  </datafield>
  <datafield tag="985" ind1=" " ind2=" ">
    <subfield code="a">BibframePilot2</subfield>
    <subfield code="e">20190926</subfield>
  </datafield>
</record>