
<record>
  <leader>03500cam a22002775i 4500</leader>
  <controlfield tag="001">21220443</controlfield>
  <controlfield tag="005">20200102113920.0</controlfield>
  <controlfield tag="008">190927s2019    nyu           000 0 eng  </controlfield>
  <datafield tag="906" ind1=" " ind2=" ">
    <subfield code="a">0</subfield>
    <subfield code="b">ibc</subfield>
    <subfield code="c">orignew</subfield>
    <subfield code="d">2</subfield>
    <subfield code="e">epcn</subfield>
    <subfield code="f">20</subfield>
    <subfield code="g">y-gencatlg</subfield>
  </datafield>
  <datafield tag="925" ind1="0" ind2=" ">
    <subfield code="a">acquire</subfield>
    <subfield code="b">1 shelf copy</subfield>
    <subfield code="x">policy default</subfield>
  </datafield>
  <datafield tag="955" ind1=" " ind2=" ">
    <subfield code="b">xd04 2019-09-27</subfield>
    <subfield code="a">xn11 2020-01-02 1 copy rec&apos;d., to USPRLL</subfield>
  </datafield>
  <datafield tag="010" ind1=" " ind2=" ">
    <subfield code="a">  2019951528</subfield>
  </datafield>
  <datafield tag="020" ind1=" " ind2=" ">
    <subfield code="a">9781536164855</subfield>
    <subfield code="q">(paperback)</subfield>
  </datafield>
  <datafield tag="020" ind1=" " ind2=" ">
    <subfield code="z">9781536164862</subfield>
    <subfield code="q">(adobe pdf)</subfield>
  </datafield>
  <datafield tag="040" ind1=" " ind2=" ">
    <subfield code="a">DLC</subfield>
    <subfield code="b">eng</subfield>
    <subfield code="e">rda</subfield>
    <subfield code="c">DLC</subfield>
  </datafield>
  <datafield tag="042" ind1=" " ind2=" ">
    <subfield code="a">pcc</subfield>
  </datafield>
  <datafield tag="100" ind1="1" ind2=" ">
    <subfield code="a">Westra, Laura,</subfield>
    <subfield code="e">author.</subfield>
  </datafield>
  <datafield tag="245" ind1="1" ind2="0">
    <subfield code="a">From principles to norms: :</subfield>
    <subfield code="b">the development of international law /</subfield>
    <subfield code="c">Laura Westra.</subfield>
  </datafield>
  <datafield tag="263" ind1=" " ind2=" ">
    <subfield code="a">1910</subfield>
  </datafield>
  <datafield tag="264" ind1=" " ind2="1">
    <subfield code="a">Hauppauge :</subfield>
    <subfield code="b">Nova Science Publishers,</subfield>
    <subfield code="c">2019.</subfield>
  </datafield>
  <datafield tag="300" ind1=" " ind2=" ">
    <subfield code="a">pages cm</subfield>
  </datafield>
  <datafield tag="336" ind1=" " ind2=" ">
    <subfield code="a">text</subfield>
    <subfield code="b">txt</subfield>
    <subfield code="2">rdacontent</subfield>
  </datafield>
  <datafield tag="337" ind1=" " ind2=" ">
    <subfield code="a">unmediated</subfield>
    <subfield code="b">n</subfield>
    <subfield code="2">rdamedia</subfield>
  </datafield>
  <datafield tag="338" ind1=" " ind2=" ">
    <subfield code="a">volume</subfield>
    <subfield code="b">nc</subfield>
    <subfield code="2">rdacarrier</subfield>
  </datafield>
  <datafield tag="490" ind1="0" ind2=" ">
    <subfield code="a">Laws and legislation</subfield>
  </datafield>
  <datafield tag="520" ind1=" " ind2=" ">
    <subfield code="a">&quot;International law needs to be revised and changed radically because presently it is not able to function to protect human rights as it should. Most of the global economic transactions happen beyond states and are not under their control: in fact they are transnational, as are most of the world&apos;s citizens&apos; interests and aspirations. Most states are now weak: corporations tend to control them indirectly, as well as provide citizens the services that used to be provided by states. In fact many legal scholars argue that states are now so weakened that they have become irrelevant, so that a law that is intended to be inter-national, that is between nations, ignores the global changes that have occurred supranationally, in the new transnational area controlled by non-state actors and various legal persons, some of which act in desirable ways, while many others are both dangerous and uncontrolled. The citizens of most nations are now transnational themselves, as they turn to new non-state actors and organizations that embody their interests and aspiration far better than the states where they live can: world citizens turn to the internet to follow their choices and interests as they have lost their trust in the home states, mostly unable to provide not only the services they used to provide, but also any hope of improvement or development. Hence, we argue that a law that is intended to operate exclusively between nations is no longer sufficient, as it is a system that neither includes nor regulates the real actors that contribute to global governance today, that is non-state actors and legal persons of various kinds. The foundational principles that inspired the most important international legal regimes for the protection of humanity, especially those forbidding racial discrimination, protecting the rights of women and children, of prisoners and others who are oppressed, which are no longer respected too many states , as political gain of various government parties supersede the respect for principles of protection. Many new problems that emerge then are simply ignored, from the grave problem of migration everywhere, to the loss of democratic power often controlled by the economic interests of the most powerful especially in the West, to the imminent disasters caused by climate change, all problems that are beyond the scope of any single nation to control. Therefore this work proposes a return to the basic principles that should govern international legal regimes in order to achieve a renewed, effective international system of laws&quot;--</subfield>
    <subfield code="c">Provided by publisher.</subfield>
  </datafield>
</record>