
<record>
  <leader>02737cam a22003618i 4500</leader>
  <controlfield tag="001">21228762</controlfield>
  <controlfield tag="005">20200102164534.0</controlfield>
  <controlfield tag="008">191007s2020    nyu      b    001 0 eng  </controlfield>
  <datafield tag="906" ind1=" " ind2=" ">
    <subfield code="a">7</subfield>
    <subfield code="b">cbc</subfield>
    <subfield code="c">orignew</subfield>
    <subfield code="d">1</subfield>
    <subfield code="e">ecip</subfield>
    <subfield code="f">20</subfield>
    <subfield code="g">y-gencatlg</subfield>
  </datafield>
  <datafield tag="925" ind1="0" ind2=" ">
    <subfield code="a">acquire</subfield>
    <subfield code="b">1 shelf copy</subfield>
    <subfield code="x">policy default</subfield>
  </datafield>
  <datafield tag="955" ind1=" " ind2=" ">
    <subfield code="b">rm06 2019-10-07</subfield>
    <subfield code="c">rm06 2019-10-07</subfield>
    <subfield code="d">rm03 2019-12- 20</subfield>
    <subfield code="e">rm04 2019-12-30 to Dewey</subfield>
    <subfield code="w">xm09 2020-1-2</subfield>
  </datafield>
  <datafield tag="010" ind1=" " ind2=" ">
    <subfield code="a">  2019038615</subfield>
  </datafield>
  <datafield tag="020" ind1=" " ind2=" ">
    <subfield code="a">9780190845582</subfield>
    <subfield code="q">(hb)</subfield>
  </datafield>
  <datafield tag="020" ind1=" " ind2=" ">
    <subfield code="z">9780190845605</subfield>
    <subfield code="q">(epub)</subfield>
  </datafield>
  <datafield tag="020" ind1=" " ind2=" ">
    <subfield code="z">9780190845599</subfield>
  </datafield>
  <datafield tag="020" ind1=" " ind2=" ">
    <subfield code="z">9780190845612</subfield>
  </datafield>
  <datafield tag="040" ind1=" " ind2=" ">
    <subfield code="a">DLC</subfield>
    <subfield code="b">eng</subfield>
    <subfield code="e">rda</subfield>
    <subfield code="c">DLC</subfield>
  </datafield>
  <datafield tag="042" ind1=" " ind2=" ">
    <subfield code="a">pcc</subfield>
  </datafield>
  <datafield tag="050" ind1="0" ind2="0">
    <subfield code="a">HM742</subfield>
    <subfield code="b">.S89 2020</subfield>
  </datafield>
  <datafield tag="082" ind1="0" ind2="0">
    <subfield code="a">302.23/1</subfield>
    <subfield code="2">23</subfield>
  </datafield>
  <datafield tag="100" ind1="1" ind2=" ">
    <subfield code="a">Sun, Huatong,</subfield>
    <subfield code="d">1973-</subfield>
    <subfield code="e">author.</subfield>
  </datafield>
  <datafield tag="245" ind1="1" ind2="0">
    <subfield code="a">Global social media design :</subfield>
    <subfield code="b">bridging differences across cultures /</subfield>
    <subfield code="c">Huatong Sun.</subfield>
  </datafield>
  <datafield tag="263" ind1=" " ind2=" ">
    <subfield code="a">2001</subfield>
  </datafield>
  <datafield tag="264" ind1=" " ind2="1">
    <subfield code="a">New York, NY :</subfield>
    <subfield code="b">Oxford University Press,</subfield>
    <subfield code="c">[2020]</subfield>
  </datafield>
  <datafield tag="300" ind1=" " ind2=" ">
    <subfield code="a">pages cm.</subfield>
  </datafield>
  <datafield tag="336" ind1=" " ind2=" ">
    <subfield code="a">text</subfield>
    <subfield code="b">txt</subfield>
    <subfield code="2">rdacontent</subfield>
  </datafield>
  <datafield tag="337" ind1=" " ind2=" ">
    <subfield code="a">unmediated</subfield>
    <subfield code="b">n</subfield>
    <subfield code="2">rdamedia</subfield>
  </datafield>
  <datafield tag="338" ind1=" " ind2=" ">
    <subfield code="a">volume</subfield>
    <subfield code="b">nc</subfield>
    <subfield code="2">rdacarrier</subfield>
  </datafield>
  <datafield tag="490" ind1="0" ind2=" ">
    <subfield code="a">Oxford series in human-technology interaction</subfield>
  </datafield>
  <datafield tag="504" ind1=" " ind2=" ">
    <subfield code="a">Includes bibliographical references and index.</subfield>
  </datafield>
  <datafield tag="520" ind1=" " ind2=" ">
    <subfield code="a">&quot;Social media users fracture into tribes, but social media ecosystems are globally interconnected technically, socially, culturally, and economically. At the crossroads, Huatong Sun, author of Cross-Cultural Technology Design, presents theory, method, and case studies to uncover the global interconnectedness of social media design and reorient universal design standards. Centering on the dynamics between structure and agency, Sun draws on practices theories and transnational fieldwork and articulates a critical design approach. The &quot;CLUE2 (CLUE Squared)&quot; framework extends from situated activity to social practice, and connects macro institutions with micro interactions to redress asymmetrical relations in everyday life. Why were Japanese users not crazed about Facebook? Would Twitter have had been more successful than its copycat Weibo in China if not banned? How did mobilities and value propositions play out in the competition of WhatsApp, WeChat, LINE, and KakaoTalk for global growth? Illustrating the cultural entanglement with a relational view of design, Sun provides three provocative accounts of cross-cultural social media design and use. Concepts such as affordance, genre, and uptake are demonstrated as design tools to bind the material with the discursive and leap from the critical to the generative for culturally sustaining design.&quot;--</subfield>
    <subfield code="c">Provided by publisher.</subfield>
  </datafield>
  <datafield tag="650" ind1=" " ind2="0">
    <subfield code="a">Social media</subfield>
    <subfield code="v">Cross-cultural studies.</subfield>
  </datafield>
  <datafield tag="776" ind1="0" ind2="8">
    <subfield code="i">Online version:</subfield>
    <subfield code="a">Sun, Huatong,</subfield>
    <subfield code="t">Global social media design</subfield>
    <subfield code="d">New York : Oxford University Press, 2020.</subfield>
    <subfield code="z">9780190845605</subfield>
    <subfield code="w">(DLC) 2019038616</subfield>
  </datafield>
</record>