
<record>
  <leader>03031cam a2200385 i 4500</leader>
  <controlfield tag="001">21229105</controlfield>
  <controlfield tag="005">20200102120031.0</controlfield>
  <controlfield tag="008">191007s2019    ne a     b    101 0 eng  </controlfield>
  <datafield tag="906" ind1=" " ind2=" ">
    <subfield code="a">7</subfield>
    <subfield code="b">cbc</subfield>
    <subfield code="c">orignew</subfield>
    <subfield code="d">2</subfield>
    <subfield code="e">ncip</subfield>
    <subfield code="f">20</subfield>
    <subfield code="g">y-gencatlg</subfield>
  </datafield>
  <datafield tag="925" ind1="0" ind2=" ">
    <subfield code="a">acquire</subfield>
    <subfield code="b">1 shelf copy</subfield>
    <subfield code="x">policy default</subfield>
  </datafield>
  <datafield tag="955" ind1=" " ind2=" ">
    <subfield code="b">rl14 2019-10-07</subfield>
    <subfield code="c">rl14 2019-10-07 for review</subfield>
    <subfield code="a">rk09 2020-01-02 review</subfield>
    <subfield code="d">rk09 2020-01-02 to Dewey</subfield>
  </datafield>
  <datafield tag="010" ind1=" " ind2=" ">
    <subfield code="a">  2018469857</subfield>
  </datafield>
  <datafield tag="020" ind1=" " ind2=" ">
    <subfield code="a">9781614999867</subfield>
    <subfield code="q">(print)</subfield>
  </datafield>
  <datafield tag="020" ind1=" " ind2=" ">
    <subfield code="z">9781614999874</subfield>
    <subfield code="q">(online)</subfield>
  </datafield>
  <datafield tag="040" ind1=" " ind2=" ">
    <subfield code="a">DLC</subfield>
    <subfield code="b">eng</subfield>
    <subfield code="e">rda</subfield>
    <subfield code="c">DLC</subfield>
  </datafield>
  <datafield tag="042" ind1=" " ind2=" ">
    <subfield code="a">pcc</subfield>
  </datafield>
  <datafield tag="050" ind1="0" ind2="0">
    <subfield code="a">R858.A2</subfield>
    <subfield code="b">I568 2019</subfield>
  </datafield>
  <datafield tag="111" ind1="2" ind2=" ">
    <subfield code="a">International Conference on Informatics, Management, and Technology in Healthcare</subfield>
    <subfield code="n">(17th :</subfield>
    <subfield code="d">2019 :</subfield>
    <subfield code="c">Athens, Greece),</subfield>
    <subfield code="j">author.</subfield>
  </datafield>
  <datafield tag="245" ind1="1" ind2="0">
    <subfield code="a">Health informatics vision :</subfield>
    <subfield code="b">from data via information to knowledge /</subfield>
    <subfield code="c">edited by John Mantas (Health Informatics Laboratory, Department of Nursing, School of Health Sciences, National and Kapodistrian University of Athens, Greece), Arie Hasman (Department of Medical Informatics, AMC -- University of Amsterdam, Amsterdam, The Netherlands), Parisis Gallos (Health Informatics Laboratory, Department of Nursing, School of Health Sciences, National and Kapodistrian University of Athens, Greece), Aikaterini Kolokathi (Health Informatics Laboratory, Department of Nursing, School of Health Sciences, National and Kapodistrian University of Athens, Greece), Mowafa S. Househ (Information and Computing Technology Division, College of Science and Engineering, Hamad Bin Khalifa University (HBKU), Doha, Qatar), and Joseph Liaskos (Health Informatics Laboratory, Department of Nursing, School of Health Sciences, National and Kapodistrian University of Athens, Greece).</subfield>
  </datafield>
  <datafield tag="264" ind1=" " ind2="1">
    <subfield code="a">Amsterdam ;</subfield>
    <subfield code="a">Washington, DC :</subfield>
    <subfield code="b">IOS Press,</subfield>
    <subfield code="c">[2019]</subfield>
  </datafield>
  <datafield tag="300" ind1=" " ind2=" ">
    <subfield code="a">xv, 404 pages :</subfield>
    <subfield code="b">illustrations ;</subfield>
    <subfield code="c">25 cm.</subfield>
  </datafield>
  <datafield tag="336" ind1=" " ind2=" ">
    <subfield code="a">text</subfield>
    <subfield code="b">txt</subfield>
    <subfield code="2">rdacontent</subfield>
  </datafield>
  <datafield tag="337" ind1=" " ind2=" ">
    <subfield code="a">unmediated</subfield>
    <subfield code="b">n</subfield>
    <subfield code="2">rdamedia</subfield>
  </datafield>
  <datafield tag="338" ind1=" " ind2=" ">
    <subfield code="a">volume</subfield>
    <subfield code="b">nc</subfield>
    <subfield code="2">rdacarrier</subfield>
  </datafield>
  <datafield tag="490" ind1="0" ind2=" ">
    <subfield code="a">Studies in health technology and informatics,</subfield>
    <subfield code="x">0926-9630 ;</subfield>
    <subfield code="v">volume 262</subfield>
  </datafield>
  <datafield tag="500" ind1=" " ind2=" ">
    <subfield code="a">Papers of the 17th ICIMTH, the International Conference on Informatics, Management, and Technology in Healthcare, held July 5-7, 2019 in Athens, Greece.</subfield>
  </datafield>
  <datafield tag="504" ind1=" " ind2=" ">
    <subfield code="a">Includes bibliographical references and indexes.</subfield>
  </datafield>
  <datafield tag="505" ind1="2" ind2=" ">
    <subfield code="a">Some thoughts on extended collaboration of entities with natural and with artificial intelligence in health care and beyond / Reinold Haux -- Concurrent execution of multiple computer-interpretable clinical practice guidelines and their interrelations / Eda Bilici, George Despotou and Theodoros N. Arvanitis -- Usage of accelerometers in the medical field of application and their clinical integration / Nico Jhne-Raden, Henrike Gtschleg and Michael Marschollek.</subfield>
  </datafield>
  <datafield tag="650" ind1=" " ind2="0">
    <subfield code="a">Medical informatics</subfield>
    <subfield code="v">Congresses.</subfield>
  </datafield>
  <datafield tag="700" ind1="1" ind2=" ">
    <subfield code="a">Mantas, J.</subfield>
    <subfield code="q">(John),</subfield>
    <subfield code="e">editor.</subfield>
  </datafield>
  <datafield tag="700" ind1="1" ind2=" ">
    <subfield code="a">Hasman, Arie,</subfield>
    <subfield code="e">editor.</subfield>
  </datafield>
  <datafield tag="700" ind1="1" ind2=" ">
    <subfield code="a">Gallos, Parisis,</subfield>
    <subfield code="e">editor.</subfield>
  </datafield>
  <datafield tag="700" ind1="1" ind2=" ">
    <subfield code="a">Kolokathi, Aikaterini,</subfield>
    <subfield code="e">editor.</subfield>
  </datafield>
  <datafield tag="700" ind1="1" ind2=" ">
    <subfield code="a">Househ, Mowafa,</subfield>
    <subfield code="d">1977-</subfield>
    <subfield code="e">editor.</subfield>
  </datafield>
  <datafield tag="700" ind1="1" ind2=" ">
    <subfield code="a">Liaskos, Joseph,</subfield>
    <subfield code="e">editor.</subfield>
  </datafield>
</record>