
<record>
  <leader>05906cam a22003858i 4500</leader>
  <controlfield tag="001">21230172</controlfield>
  <controlfield tag="005">20200102121626.0</controlfield>
  <controlfield tag="008">191008s2020    nyu      b    001 0 eng  </controlfield>
  <datafield tag="906" ind1=" " ind2=" ">
    <subfield code="a">7</subfield>
    <subfield code="b">cbc</subfield>
    <subfield code="c">orignew</subfield>
    <subfield code="d">1</subfield>
    <subfield code="e">ecip</subfield>
    <subfield code="f">20</subfield>
    <subfield code="g">y-gencatlg</subfield>
  </datafield>
  <datafield tag="925" ind1="0" ind2=" ">
    <subfield code="a">acquire</subfield>
    <subfield code="b">1 shelf copy</subfield>
    <subfield code="x">policy default</subfield>
  </datafield>
  <datafield tag="955" ind1=" " ind2=" ">
    <subfield code="b">rk14 2019-10-08</subfield>
    <subfield code="c">rk14 2019-10-08 telework to subj</subfield>
    <subfield code="d">rk23 2019-12-16 to Dewey</subfield>
    <subfield code="w">xm10 2019-12-23</subfield>
  </datafield>
  <datafield tag="010" ind1=" " ind2=" ">
    <subfield code="a">  2019045954</subfield>
  </datafield>
  <datafield tag="020" ind1=" " ind2=" ">
    <subfield code="a">9781536165562</subfield>
    <subfield code="q">(harback)</subfield>
  </datafield>
  <datafield tag="020" ind1=" " ind2=" ">
    <subfield code="z">9781536165579</subfield>
    <subfield code="q">(adobe pdf)</subfield>
  </datafield>
  <datafield tag="040" ind1=" " ind2=" ">
    <subfield code="a">DLC</subfield>
    <subfield code="b">eng</subfield>
    <subfield code="e">rda</subfield>
    <subfield code="c">DLC</subfield>
    <subfield code="d">DLC</subfield>
  </datafield>
  <datafield tag="042" ind1=" " ind2=" ">
    <subfield code="a">pcc</subfield>
  </datafield>
  <datafield tag="050" ind1="0" ind2="0">
    <subfield code="a">TK7870</subfield>
    <subfield code="b">.R385 2020</subfield>
  </datafield>
  <datafield tag="082" ind1="0" ind2="0">
    <subfield code="a">621.3815</subfield>
    <subfield code="2">23</subfield>
  </datafield>
  <datafield tag="245" ind1="0" ind2="0">
    <subfield code="a">Recent advancement in electronic devices, circuit and materials /</subfield>
    <subfield code="c">Suman Lata Tripathi, Sanjeet Kumar Sinha, [editors].</subfield>
  </datafield>
  <datafield tag="263" ind1=" " ind2=" ">
    <subfield code="a">2002</subfield>
  </datafield>
  <datafield tag="264" ind1=" " ind2="1">
    <subfield code="a">New York :</subfield>
    <subfield code="b">Nova Science Publishers, Inc.,</subfield>
    <subfield code="c">2020.</subfield>
  </datafield>
  <datafield tag="300" ind1=" " ind2=" ">
    <subfield code="a">pages cm.</subfield>
  </datafield>
  <datafield tag="336" ind1=" " ind2=" ">
    <subfield code="a">text</subfield>
    <subfield code="b">txt</subfield>
    <subfield code="2">rdacontent</subfield>
  </datafield>
  <datafield tag="337" ind1=" " ind2=" ">
    <subfield code="a">unmediated</subfield>
    <subfield code="b">n</subfield>
    <subfield code="2">rdamedia</subfield>
  </datafield>
  <datafield tag="338" ind1=" " ind2=" ">
    <subfield code="a">volume</subfield>
    <subfield code="b">nc</subfield>
    <subfield code="2">rdacarrier</subfield>
  </datafield>
  <datafield tag="490" ind1="0" ind2=" ">
    <subfield code="a">Electronics and telecommunications research</subfield>
  </datafield>
  <datafield tag="504" ind1=" " ind2=" ">
    <subfield code="a">Includes bibliographical references and index.</subfield>
  </datafield>
  <datafield tag="505" ind1="0" ind2=" ">
    <subfield code="a">Design of Advance Bulk and SOI Multi-Gate MOSFET  Structures / Suman Lata Tripathi and R. A. Mishra, School of Electronics and  Electrical Engineering, Lovely Professional University, Phagwara,  Punjab, India, and others -- Low Power Gate Engineered Pocket nDGTFET, pDGTEFT / Suman Lata Tripathi and Prasantha Reddy, School of Electronics and  Electrical Engineering, Lovely Professional University, Phagwara,  Punjab, India -- Tunnel Field Effect Transistors as an Emerging  Semiconductor Technology / Irfan Ahmad Pindoo, VLSI Design, Lovely Professional University,  Jalandhar, Punjab -- Power Analysis to Ensure Secure CMOS Architecture / Abhishek Kumar and Suman Lata Tripathi, School of Electronics and  Electrical Engineering, Lovely Professional University, Phagwara,  Punjab, India -- Low Power Analog Circuit Design with CMOS Technology / Priti Gupta, Department of Electronics and Communication  Engineering, NIT Sikkim, India -- Current Conveyor Based All Pass Filter / Abhishek Kumar and Suman Lata Tripathi, School of Electronics and  Electrical Engineering, Lovely Professional University, Phagwara,  Punjab, India -- Design and Analysis of Trench Gate InGaAs LDMOS / Manoj Singh Adhikari, School of Electronics &amp; Electrical  Engineering, Lovely Professional University, Phagwara, Punjab, India -- Comprehensive Analysis of Biosensors and Application / Pawandeep Kaur, Avtar Singh Buttar and G. P. Singh, Electronics and  Communication Department, Lovely Professional University,  Jalandhar, Punab, and others -- Neuromorphic Electronic Circuit Implementation for  Cortical Neurons / Sandeep Bansal, G. Krishna Vamsi, N. Mukesh, N. Uday Kumar and  Raghav Gupta, Assistant Professor, ECE Department, Lovely  Professional University, Jalandhar, India, and others -- Sensors / S. S. Abinayaa and A. Prakash, Department of Electronics and  Communication Engineering,  QIS College of Engineering and Technology, Ongole, Andhrapradesh,  India, and others -- Gesture Recognition Sensor Technology: Google Soli / Neha Thakur and Deepika Ghai, Lovely Professional University,  Phagwara, Punjab, India -- Optoelectronic Devices and Their Application / Dushyant Kumar Singh, School of Electronics &amp; Electrical  Engineering, Lovely Professional University, Phagwara, Punjab, India -- Development of Solar Cell / Simran and Suman Lata Tripathi, School of Electronics and Electrical  Engineering, Lovely Professional University, Phagwara, Punjab, India.</subfield>
  </datafield>
  <datafield tag="520" ind1=" " ind2=" ">
    <subfield code="a">&quot;This book deals with some emerging semiconductor devices and their applications in terms of electronic circuits. The basic concept plays a key role in development of any new electronic devices and circuits. The implementation of complex integrated circuits becomes easier with understanding of basic concepts of solid state devices and its circuit behavior. The book covers the latest trends in development of advanced electronic devices and applications for undergraduate, graduate and post graduate level courses. It combines the right blend of theory and practice to present a simplified and methodical way to develop researchers&apos; understanding of the clarity between theoretical, practical and simulated results in the analysis of solid state devices, circuit characteristics and other important issues based on their applications. The book also covers the broad applications of electronic devices in biomedical and low power portable smart IOT systems. This book is well organized into 13 chapters. Chapters 1 to 4 cover design of low power FET devices compatible to technology scaling trends meeting required performance enhancement in terms of power, delay and speed. Chapter 5 and 6 are focused on analog application of CMOS technology. Chapter 7 describes power MOSFET design with advance materials for lowest possible on-resistance resulting into enhance performance. Chapter 8 deals with biomedical application of advance electronic devices introducing new materials and structure. Chapter 9 introduces a neuromorphic model and real-time simulation for the study of biological neuron model in the human body on circuit level. Chapter 10 and 11 presents the applications of sensors growing over a wide range of sensing targets along with advance sensing technology for human-computer interaction. Chapter 12 and 13 describe optoelectronic devices like photodetectors, optical sensors and solar cells etc&quot;--</subfield>
    <subfield code="c">Provided by publisher.</subfield>
  </datafield>
  <datafield tag="650" ind1=" " ind2="0">
    <subfield code="a">Electronic apparatus and appliances.</subfield>
  </datafield>
  <datafield tag="650" ind1=" " ind2="0">
    <subfield code="a">Electronic circuits.</subfield>
  </datafield>
  <datafield tag="650" ind1=" " ind2="0">
    <subfield code="a">Electronics</subfield>
    <subfield code="x">Materials.</subfield>
  </datafield>
  <datafield tag="700" ind1="1" ind2=" ">
    <subfield code="a">Lata Tripathi, Suman,</subfield>
    <subfield code="e">editor.</subfield>
  </datafield>
  <datafield tag="700" ind1="1" ind2=" ">
    <subfield code="a">Kumar Sinha, Sanjeet,</subfield>
    <subfield code="e">editor.</subfield>
  </datafield>
  <datafield tag="776" ind1="0" ind2="8">
    <subfield code="i">Online version:</subfield>
    <subfield code="t">Recent advancement in electronic devices, circuit and materials</subfield>
    <subfield code="d">New York : Nova Science Publishers, Inc., 2020.</subfield>
    <subfield code="z">9781536165579</subfield>
    <subfield code="w">(DLC) 2019045955</subfield>
  </datafield>
</record>