
<record>
  <leader>03015cam a2200409 i 4500</leader>
  <controlfield tag="001">21241516</controlfield>
  <controlfield tag="005">20200102103020.0</controlfield>
  <controlfield tag="008">191015s2019    sz a     b    001 0 mul d</controlfield>
  <datafield tag="906" ind1=" " ind2=" ">
    <subfield code="a">7</subfield>
    <subfield code="b">cbc</subfield>
    <subfield code="c">copycat</subfield>
    <subfield code="d">3</subfield>
    <subfield code="e">ncip</subfield>
    <subfield code="f">20</subfield>
    <subfield code="g">y-nonroman</subfield>
  </datafield>
  <datafield tag="925" ind1="0" ind2=" ">
    <subfield code="a">acquire</subfield>
    <subfield code="b">1 shelf copy</subfield>
    <subfield code="x">policy default</subfield>
  </datafield>
  <datafield tag="955" ind1=" " ind2=" ">
    <subfield code="b">ff16 2019-10-15 z-processor</subfield>
    <subfield code="a">ff00 2019-10-15 to GS/SBCG</subfield>
    <subfield code="i">ff12 2019-10-15 to CALM</subfield>
  </datafield>
  <datafield tag="010" ind1=" " ind2=" ">
    <subfield code="a">  2019438499</subfield>
  </datafield>
  <datafield tag="020" ind1=" " ind2=" ">
    <subfield code="a">9783774942318</subfield>
    <subfield code="q">Habelt - corrected</subfield>
    <subfield code="q">hardbound</subfield>
  </datafield>
  <datafield tag="020" ind1=" " ind2=" ">
    <subfield code="a">3774942315</subfield>
  </datafield>
  <datafield tag="020" ind1=" " ind2=" ">
    <subfield code="a">9782600007658</subfield>
    <subfield code="q">Fondation Hardt</subfield>
    <subfield code="q">hardbound</subfield>
  </datafield>
  <datafield tag="020" ind1=" " ind2=" ">
    <subfield code="a">2600007652</subfield>
  </datafield>
  <datafield tag="035" ind1=" " ind2=" ">
    <subfield code="a">(OCoLC)on1120741827</subfield>
  </datafield>
  <datafield tag="040" ind1=" " ind2=" ">
    <subfield code="a">OHX</subfield>
    <subfield code="b">eng</subfield>
    <subfield code="c">OHX</subfield>
    <subfield code="e">rda</subfield>
    <subfield code="d">AUXAM</subfield>
    <subfield code="d">ERASP</subfield>
    <subfield code="d">HCD</subfield>
    <subfield code="d">CUI</subfield>
    <subfield code="d">DLC</subfield>
  </datafield>
  <datafield tag="041" ind1=" " ind2=" ">
    <subfield code="a">fre</subfield>
    <subfield code="a">ita</subfield>
    <subfield code="a">eng</subfield>
    <subfield code="a">ger</subfield>
  </datafield>
  <datafield tag="042" ind1=" " ind2=" ">
    <subfield code="a">lccopycat</subfield>
  </datafield>
  <datafield tag="072" ind1=" " ind2="7">
    <subfield code="a">PA</subfield>
    <subfield code="2">lcco</subfield>
  </datafield>
  <datafield tag="050" ind1="0" ind2="0">
    <subfield code="a">PA3061</subfield>
    <subfield code="b">.F58 2019</subfield>
  </datafield>
  <datafield tag="245" ind1="0" ind2="0">
    <subfield code="a">Formes et fonctions des langues littraires en Grce ancienne :</subfield>
    <subfield code="b">neuf exposs suivis de discussions /</subfield>
    <subfield code="c">par Albio Cesare Cassio [and 8 others] ; entretiens prpars par Andreas Willi et prsids par Pierre Ducrey, 27-31 aot 2018 ; volume dit par Andreas Willi avec la collaboration de Pascale Derron.</subfield>
  </datafield>
  <datafield tag="264" ind1=" " ind2="1">
    <subfield code="a">Vanduvres :</subfield>
    <subfield code="b">Fondation Hardt pour l&apos;tude de l&apos;antiquit classique,</subfield>
    <subfield code="c">2019.</subfield>
  </datafield>
  <datafield tag="300" ind1=" " ind2=" ">
    <subfield code="a">ix, 420 pages :</subfield>
    <subfield code="b">illustrations (some color) ;</subfield>
    <subfield code="c">23 cm</subfield>
  </datafield>
  <datafield tag="336" ind1=" " ind2=" ">
    <subfield code="a">text</subfield>
    <subfield code="b">txt</subfield>
    <subfield code="2">rdacontent</subfield>
  </datafield>
  <datafield tag="337" ind1=" " ind2=" ">
    <subfield code="a">unmediated</subfield>
    <subfield code="b">n</subfield>
    <subfield code="2">rdamedia</subfield>
  </datafield>
  <datafield tag="338" ind1=" " ind2=" ">
    <subfield code="a">volume</subfield>
    <subfield code="b">nc</subfield>
    <subfield code="2">rdacarrier</subfield>
  </datafield>
  <datafield tag="490" ind1="1" ind2=" ">
    <subfield code="a">Entretiens sur l&apos;Antiquit classique,</subfield>
    <subfield code="x">0071-0822 ;</subfield>
    <subfield code="v">tome LXV</subfield>
  </datafield>
  <datafield tag="546" ind1=" " ind2=" ">
    <subfield code="a">4 English, 1 German, 3 French, 3 Italian contributions; abstracts in English.</subfield>
  </datafield>
  <datafield tag="504" ind1=" " ind2=" ">
    <subfield code="a">Includes bibliographical references and index.</subfield>
  </datafield>
  <datafield tag="505" ind1="0" ind2="0">
    <subfield code="t">Prface /</subfield>
    <subfield code="r">Pierre Ducrey --</subfield>
    <subfield code="t">Introduction /</subfield>
    <subfield code="r">Andreas Willi --</subfield>
    <subfield code="t">Metamorfosi della lingua epica tra Oriente e Occidente : da Omero alle laminette orfiche e alla celebrazione poetica del dinasti della Licia /</subfield>
    <subfield code="r">Albio Cesare Cassio --</subfield>
    <subfield code="t">Greek lyric Kunstprache between pan-Hellenism and epichoric influence: two case studies /</subfield>
    <subfield code="r">Lucia Prauscello --</subfield>
    <subfield code="t">Der Sprachraum der Tragdie /</subfield>
    <subfield code="r">Andreas Willi --</subfield>
    <subfield code="t">Stilistica e parametri di variazione linguistica nella retorica greca /</subfield>
    <subfield code="r">Alessandro Vatri --</subfield>
    <subfield code="t">&quot;There was a river on their left-hand side&quot;: Xenophon&apos;s Anabasis, arrival scenes, reflector narrative and the evolving language of Greek historiography --</subfield>
    <subfield code="t">Naming the phenomena: technical lexicon in descriptive and deductive sciences /</subfield>
    <subfield code="r">Francesca Schironi --</subfield>
    <subfield code="t">From &apos;canonical&apos; literature to Alciphro /</subfield>
    <subfield code="r">S. Douglas Olson --</subfield>
    <subfield code="t">Choix d&apos;auteur: les langues de l&apos;pigramme pigraphique aprs 400 av. J.-C. et la marge de choix des rdacteurs par rapport aux traits dits piques /</subfield>
    <subfield code="r">Francesca Dell&apos;oro --</subfield>
    <subfield code="t">Lingue letterarie e dialetti nell&apos;esegesi antica /</subfield>
    <subfield code="r">Olga Tribulato</subfield>
  </datafield>
  <datafield tag="650" ind1=" " ind2="0">
    <subfield code="a">Greek literature, Hellenistic</subfield>
    <subfield code="x">History and criticism.</subfield>
  </datafield>
  <datafield tag="700" ind1="1" ind2=" ">
    <subfield code="a">Willi, Andreas,</subfield>
    <subfield code="e">editor.</subfield>
  </datafield>
  <datafield tag="700" ind1="1" ind2=" ">
    <subfield code="a">Derron, Pascale,</subfield>
    <subfield code="e">editor.</subfield>
  </datafield>
  <datafield tag="700" ind1="1" ind2="2">
    <subfield code="a">Cassio, Albio C.</subfield>
    <subfield code="t">Metamorfosi della lingua epica tra Oriente e Occidente.</subfield>
  </datafield>
  <datafield tag="830" ind1=" " ind2="0">
    <subfield code="a">Entretiens sur l&apos;Antiquit classique (Series) ;</subfield>
    <subfield code="v">t. 65.</subfield>
  </datafield>
</record>