
<record>
  <leader>02424cam a2200361 i 4500</leader>
  <controlfield tag="001">21242578</controlfield>
  <controlfield tag="005">20200102131738.0</controlfield>
  <controlfield tag="008">191015s2016    ne ab    b    001 0 eng  </controlfield>
  <datafield tag="906" ind1=" " ind2=" ">
    <subfield code="a">7</subfield>
    <subfield code="b">cbc</subfield>
    <subfield code="c">orignew</subfield>
    <subfield code="d">2</subfield>
    <subfield code="e">ncip</subfield>
    <subfield code="f">20</subfield>
    <subfield code="g">y-gencatlg</subfield>
  </datafield>
  <datafield tag="925" ind1="0" ind2=" ">
    <subfield code="a">acquire</subfield>
    <subfield code="b">1 shelf copy</subfield>
    <subfield code="x">policy default</subfield>
  </datafield>
  <datafield tag="955" ind1=" " ind2=" ">
    <subfield code="b">rf21 2019-10-15</subfield>
    <subfield code="i">rf21 2019-10-15 to Dewey</subfield>
    <subfield code="w">xm06 2020-01-02</subfield>
  </datafield>
  <datafield tag="010" ind1=" " ind2=" ">
    <subfield code="a">  2018419002</subfield>
  </datafield>
  <datafield tag="020" ind1=" " ind2=" ">
    <subfield code="a">9780081008799 ;</subfield>
    <subfield code="q">(hbk)</subfield>
  </datafield>
  <datafield tag="020" ind1=" " ind2=" ">
    <subfield code="a">0081008791 ;</subfield>
    <subfield code="q">(hbk)</subfield>
  </datafield>
  <datafield tag="040" ind1=" " ind2=" ">
    <subfield code="a">DLC</subfield>
    <subfield code="b">eng</subfield>
    <subfield code="e">rda</subfield>
    <subfield code="c">DLC</subfield>
    <subfield code="d">DLC</subfield>
  </datafield>
  <datafield tag="042" ind1=" " ind2=" ">
    <subfield code="a">pcc</subfield>
  </datafield>
  <datafield tag="050" ind1="0" ind2="0">
    <subfield code="a">TK1055</subfield>
    <subfield code="b">.D57 2016</subfield>
  </datafield>
  <datafield tag="082" ind1="0" ind2="0">
    <subfield code="a">621.44</subfield>
    <subfield code="2">23</subfield>
  </datafield>
  <datafield tag="100" ind1="1" ind2=" ">
    <subfield code="a">DiPippo, Ronald,</subfield>
    <subfield code="e">author.</subfield>
  </datafield>
  <datafield tag="245" ind1="1" ind2="0">
    <subfield code="a">Geothermal power plants :</subfield>
    <subfield code="b">principles, applications, case studies and environmental impact /</subfield>
    <subfield code="c">Ronald DiPippo, Ph.D., Chancellor Professor Emeritus, University of Massachusetts Dartmouth, North Dartmouth, MA, USA.</subfield>
  </datafield>
  <datafield tag="250" ind1=" " ind2=" ">
    <subfield code="a">Fourth edition.</subfield>
  </datafield>
  <datafield tag="264" ind1=" " ind2="1">
    <subfield code="a">Amsterdam ;</subfield>
    <subfield code="a">Boston :</subfield>
    <subfield code="b">Butterworth-Heinemann is an imprint ot Elsevier,</subfield>
    <subfield code="c">2016.</subfield>
  </datafield>
  <datafield tag="264" ind1=" " ind2="4">
    <subfield code="c">2016</subfield>
  </datafield>
  <datafield tag="300" ind1=" " ind2=" ">
    <subfield code="a">xxxvii, 762 pages :</subfield>
    <subfield code="b">illustrations, maps ;</subfield>
    <subfield code="c">24 cm</subfield>
  </datafield>
  <datafield tag="336" ind1=" " ind2=" ">
    <subfield code="a">text</subfield>
    <subfield code="b">txt</subfield>
    <subfield code="2">rdacontent</subfield>
  </datafield>
  <datafield tag="337" ind1=" " ind2=" ">
    <subfield code="a">unmediated</subfield>
    <subfield code="b">n</subfield>
    <subfield code="2">rdamedia</subfield>
  </datafield>
  <datafield tag="338" ind1=" " ind2=" ">
    <subfield code="a">volume</subfield>
    <subfield code="b">nc</subfield>
    <subfield code="2">rdacarrier</subfield>
  </datafield>
  <datafield tag="504" ind1=" " ind2=" ">
    <subfield code="a">Includes bibliographical references and index.</subfield>
  </datafield>
  <datafield tag="505" ind1="0" ind2=" ">
    <subfield code="a">Geology of geothermal regions -- Exploration strategies and techniques -- Geothermal well drilling -- Reservoir engineering -- Single-flash steam power plants -- Double- and triple-flash steam power plants -- Dry-steam power plants -- Binary cycle power plants -- Advanced geothermal energy conversion systems -- Exergy analysis applied to geothermal power systems -- Larderello dry-steam power plants, Tuscany, Italy -- The Geysers dry-steam power plants, Sonoma and Lake Counties, California, USA -- Geothermal power plants of New Zealand -- Geothermal power plants of Indonesia -- Geothermal power plants in Central America and the Caribbean -- Geothermal power plants in Nevada, USA -- Heber binary plants, Imperial Valley, California, USA -- Magmamax binary power plant, East Mesa, Imperial Valley, California, USA -- Nesjavellir and Hellisheidi plants, Iceland -- Raft River plants, Idaho, USA -- Geothermal power plants in Turkey -- Enhanced geothermal systems--projects and plants -- Environmental impact of geothermal power plants.</subfield>
  </datafield>
  <datafield tag="650" ind1=" " ind2="0">
    <subfield code="a">Geothermal power plants.</subfield>
  </datafield>
  <datafield tag="650" ind1=" " ind2="0">
    <subfield code="a">Geothermal resources.</subfield>
  </datafield>
  <datafield tag="650" ind1=" " ind2="0">
    <subfield code="a">Geothermal engineering.</subfield>
  </datafield>
  <datafield tag="985" ind1=" " ind2=" ">
    <subfield code="a">BibframePilot2</subfield>
    <subfield code="e">20191017</subfield>
  </datafield>
</record>