
<record>
  <leader>02649cam a22002775i 4500</leader>
  <controlfield tag="001">21253883</controlfield>
  <controlfield tag="005">20200102094655.0</controlfield>
  <controlfield tag="008">191018s2019    nyu           000 0 eng  </controlfield>
  <datafield tag="906" ind1=" " ind2=" ">
    <subfield code="a">0</subfield>
    <subfield code="b">ibc</subfield>
    <subfield code="c">orignew</subfield>
    <subfield code="d">2</subfield>
    <subfield code="e">epcn</subfield>
    <subfield code="f">20</subfield>
    <subfield code="g">y-gencatlg</subfield>
  </datafield>
  <datafield tag="925" ind1="0" ind2=" ">
    <subfield code="a">acquire</subfield>
    <subfield code="b">1 shelf copy</subfield>
    <subfield code="x">policy default</subfield>
  </datafield>
  <datafield tag="955" ind1=" " ind2=" ">
    <subfield code="b">xd04 2019-10-18</subfield>
    <subfield code="a">xn11 2020-01-02 1 copy rec&apos;d., to USASH</subfield>
  </datafield>
  <datafield tag="010" ind1=" " ind2=" ">
    <subfield code="a">  2019953079</subfield>
  </datafield>
  <datafield tag="020" ind1=" " ind2=" ">
    <subfield code="a">9781536165760</subfield>
    <subfield code="q">(paperback)</subfield>
  </datafield>
  <datafield tag="020" ind1=" " ind2=" ">
    <subfield code="z">9781536165777</subfield>
    <subfield code="q">(adobe pdf)</subfield>
  </datafield>
  <datafield tag="040" ind1=" " ind2=" ">
    <subfield code="a">DLC</subfield>
    <subfield code="b">eng</subfield>
    <subfield code="e">rda</subfield>
    <subfield code="c">DLC</subfield>
  </datafield>
  <datafield tag="042" ind1=" " ind2=" ">
    <subfield code="a">pcc</subfield>
  </datafield>
  <datafield tag="245" ind1="0" ind2="4">
    <subfield code="a">The psychology of self-control /</subfield>
    <subfield code="c">August van Looij.</subfield>
  </datafield>
  <datafield tag="263" ind1=" " ind2=" ">
    <subfield code="a">1911</subfield>
  </datafield>
  <datafield tag="264" ind1=" " ind2="1">
    <subfield code="a">Hauppauge :</subfield>
    <subfield code="b">Nova Science Publishers,</subfield>
    <subfield code="c">2019.</subfield>
  </datafield>
  <datafield tag="300" ind1=" " ind2=" ">
    <subfield code="a">pages cm</subfield>
  </datafield>
  <datafield tag="336" ind1=" " ind2=" ">
    <subfield code="a">text</subfield>
    <subfield code="b">txt</subfield>
    <subfield code="2">rdacontent</subfield>
  </datafield>
  <datafield tag="337" ind1=" " ind2=" ">
    <subfield code="a">unmediated</subfield>
    <subfield code="b">n</subfield>
    <subfield code="2">rdamedia</subfield>
  </datafield>
  <datafield tag="338" ind1=" " ind2=" ">
    <subfield code="a">volume</subfield>
    <subfield code="b">nc</subfield>
    <subfield code="2">rdacarrier</subfield>
  </datafield>
  <datafield tag="490" ind1="0" ind2=" ">
    <subfield code="a">Psychology of emotions, motivations and actions</subfield>
  </datafield>
  <datafield tag="520" ind1=" " ind2=" ">
    <subfield code="a">&quot;The Psychology of Self-Control reviews evidence that indicates low self-control is among the most important individual risk factors for criminal offending. A developmental pathway that begins with this risk factor and leads to criminal offending is presented, and treatment recommendations for reducing the risk that low self-control poses for criminal offending are discussed. Following this, the authors seek to explain why young adolescents have an increased likelihood of becoming involved in a troublesome youth group. Social developmental, personal, and situational risk factors are combined under the umbrella of an integrated theoretical framework that stresses the importance of the moral sense as an important mediator in the relationship between adverse developmental conditions, juvenile delinquency, and troublesome youth group involvement. The authors also test the interaction between choosing a violent response, the inability to resist temptation, and exposure to scenario-criminogeneity using a web-based randomized scenario study. The results indicate that individuals who are able to resist temptation are unlikely to choose a violent response independent of scenario criminogeneity. In the penultimate chapter, the psychological and physiological components of self-control are explored. Then, the developmental aspects of self-control, with a special focus on adolescence, are briefly presented. In conclusion, this collection reviews recent research from McCarter and Winn about the role of stakes in English auctions over Amazon.com gift cards, consumer products on eBay, and items in the behavioral laboratory. Then, the results of an experiment manipulating stakes in penny auctions are reported&quot;--</subfield>
    <subfield code="c">Provided by publisher.</subfield>
  </datafield>
  <datafield tag="700" ind1="1" ind2=" ">
    <subfield code="a">van Looij, August,</subfield>
    <subfield code="e">editor.</subfield>
  </datafield>
</record>